股票代码,股票名称,今日开盘价,昨日收盘价,今日收盘价,今日最高价,今日最低价,买一报价,卖一报价,成交数量,成交金额,买一数量,买一报价,买二数量,买二报价,买三数量,买三报价,买四数量,买四报价,买五数量,买五报价,卖一数量,卖一报价,卖二数量,卖二报价,卖三数量,卖三报价,卖四数量,卖四报价,卖五数量,卖五报价,日期,时间
000001,平安银行,9.010,9.030,9.040,9.060,8.990,9.030,9.040,35534153,320520904.310,238309,9.030,217800,9.020,124700,9.010,359800,9.000,451400,8.990,135092,9.040,555151,9.050,791824,9.060,406200,9.070,475420,9.080,2017-06-06,15:36:03
000002,万 科Ａ,21.050,21.100,20.870,21.450,20.830,20.860,20.870,49277587,1044876412.820,976600,20.860,545100,20.850,106600,20.840,94736,20.830,159700,20.820,498900,20.870,1408900,20.880,510700,20.890,1072700,20.900,7900,20.910,2017-06-06,15:36:03
000004,国农科技,0.000,36.000,0.000,0.000,0.000,0.000,0.000,0,0.000,0,0.000,0,0.000,0,0.000,0,0.000,0,0.000,0,0.000,0,0.000,0,0.000,0,0.000,0,0.000,2017-06-06,15:36:03
000005,世纪星源,5.100,5.110,5.140,5.180,5.090,5.130,5.140,2898671,14872322.300,40300,5.130,80407,5.120,192900,5.110,130300,5.100,62600,5.090,108304,5.140,80000,5.150,73100,5.160,95300,5.170,102200,5.180,2017-06-06,15:36:03
000006,深振业Ａ,8.440,8.480,8.530,8.750,8.440,8.530,8.540,27103074,232704336.360,69500,8.530,146000,8.520,77000,8.510,207300,8.500,82000,8.490,107600,8.540,105500,8.550,69800,8.560,24700,8.570,63400,8.580,2017-06-06,15:36:03
000007,全新好,0.000,15.870,0.000,0.000,0.000,0.000,0.000,0,0.000,0,0.000,0,0.000,0,0.000,0,0.000,0,0.000,0,0.000,0,0.000,0,0.000,0,0.000,0,0.000,2017-06-06,15:36:03
000008,神州高铁,7.120,7.120,7.140,7.150,7.090,7.130,7.140,3815206,27193276.560,86616,7.130,74001,7.120,67800,7.110,90800,7.100,45300,7.090,159600,7.140,317038,7.150,80600,7.160,53400,7.170,80600,7.180,2017-06-06,15:36:03
000009,中国宝安,7.380,7.390,7.430,7.430,7.340,7.420,7.430,9079294,67153592.260,182650,7.420,134205,7.410,1001670,7.400,40542,7.390,51500,7.380,18175,7.430,171800,7.440,302735,7.450,78900,7.460,80535,7.470,2017-06-06,15:36:03
000010,美丽生态,4.880,4.880,4.920,4.930,4.850,4.910,4.920,7972503,39019201.820,84200,4.910,48700,4.900,331900,4.890,148297,4.880,100900,4.870,140491,4.920,75600,4.930,87900,4.940,126100,4.950,36300,4.960,2017-06-06,15:36:03
000011,深物业A,19.030,19.030,19.390,20.800,18.860,19.390,19.400,30701434,606190989.910,900,19.390,106546,19.380,11400,19.370,21900,19.360,16700,19.350,99700,19.400,21300,19.410,37200,19.420,13900,19.430,14500,19.440,2017-06-06,15:36:03
000012,南 玻Ａ,8.910,8.970,9.030,9.040,8.910,9.020,9.030,5966296,53721443.350,104700,9.020,161433,9.010,165150,9.000,133539,8.990,148200,8.980,36962,9.030,192301,9.040,234000,9.050,76100,9.060,46200,9.070,2017-06-06,15:36:03
000014,沙河股份,17.350,17.340,17.550,17.990,17.230,17.540,17.550,6115084,108232925.970,106900,17.540,23600,17.530,2700,17.520,14600,17.510,11100,17.500,28400,17.550,17600,17.560,8300,17.570,13200,17.580,2300,17.590,2017-06-06,15:36:03
000016,深康佳Ａ,4.620,4.630,4.660,4.670,4.600,4.650,4.660,9572155,44442726.120,232300,4.650,309399,4.640,182200,4.630,179762,4.620,220500,4.610,474400,4.660,1298700,4.670,1361276,4.680,1301700,4.690,945825,4.700,2017-06-06,15:36:03
000017,深中华A,8.070,8.040,8.250,8.340,8.020,8.240,8.250,4819300,39555444.050,20400,8.240,1600,8.230,12300,8.220,3000,8.210,5700,8.200,11825,8.250,12900,8.260,18000,8.270,27600,8.280,72200,8.290,2017-06-06,15:36:03
000018,神州长城,7.690,7.830,7.690,7.880,7.620,7.690,7.700,18863564,145992180.840,237740,7.690,99600,7.680,57100,7.670,69600,7.660,96000,7.650,75200,7.700,16600,7.710,16000,7.720,90400,7.730,26700,7.740,2017-06-06,15:36:03
000019,深深宝Ａ,10.860,10.820,11.140,11.300,10.830,11.130,11.140,10974747,121937432.900,700,11.130,14400,11.110,61620,11.100,12000,11.090,11800,11.080,4600,11.140,21900,11.150,14900,11.160,21300,11.170,262800,11.180,2017-06-06,15:36:03
000020,深华发Ａ,0.000,19.200,0.000,0.000,0.000,0.000,0.000,0,0.000,0,0.000,0,0.000,0,0.000,0,0.000,0,0.000,0,0.000,0,0.000,0,0.000,0,0.000,0,0.000,2017-06-06,15:36:03
000021,深科技,8.410,8.400,8.390,8.420,8.320,8.380,8.390,4576387,38327686.510,33700,8.380,40900,8.370,43620,8.360,30501,8.350,75300,8.340,14898,8.390,213100,8.400,60100,8.410,80500,8.420,20600,8.430,2017-06-06,15:36:03
000022,深赤湾Ａ,24.380,24.380,26.220,26.250,24.210,26.210,26.220,16495925,414564890.620,29600,26.210,79900,26.200,12700,26.190,8300,26.180,18200,26.150,313202,26.220,3300,26.230,4822,26.240,30500,26.250,3600,26.260,2017-06-06,15:36:03
000023,深天地Ａ,21.530,21.530,21.430,22.170,21.100,21.430,21.440,887727,19075574.450,3300,21.430,1000,21.420,2500,21.410,5800,21.400,6600,21.390,1000,21.440,3100,21.450,1400,21.490,2164,21.500,800,21.530,2017-06-06,15:36:03
000025,特 力Ａ,32.830,32.930,33.100,33.290,32.650,33.100,33.110,1452015,47991099.420,19300,33.100,3300,33.090,500,33.080,100,33.070,8400,33.060,400,33.110,1700,33.120,200,33.130,2600,33.140,1900,33.150,2017-06-06,15:36:03
000026,飞亚达Ａ,11.850,11.930,12.050,12.170,11.850,12.040,12.050,2644711,31920820.670,19900,12.040,17400,12.030,11600,12.020,11600,12.010,9500,12.000,11000,12.050,12400,12.060,10100,12.070,15231,12.080,27800,12.090,2017-06-06,15:36:03
000027,深圳能源,6.620,6.620,6.650,6.690,6.600,6.650,6.660,9048306,60057726.450,14722,6.650,114296,6.640,65222,6.630,102500,6.620,151580,6.610,113000,6.660,106700,6.670,273452,6.680,192400,6.690,229049,6.700,2017-06-06,15:36:03
000028,国药一致,74.070,73.130,74.060,74.200,73.000,74.060,74.090,574144,42305452.600,1055,74.060,2900,73.910,1020,73.820,400,73.810,1500,73.800,1100,74.090,6200,74.100,500,74.150,100,74.160,1100,74.180,2017-06-06,15:36:03
000029,深深房Ａ,0.000,11.170,0.000,0.000,0.000,0.000,0.000,0,0.000,0,0.000,0,0.000,0,0.000,0,0.000,0,0.000,0,0.000,0,0.000,0,0.000,0,0.000,0,0.000,2017-06-06,15:36:03
000030,富奥股份,8.220,8.230,8.290,8.290,8.160,8.280,8.290,2549991,20975778.000,2200,8.280,27500,8.270,34000,8.260,21900,8.250,3600,8.240,43400,8.290,89000,8.300,53800,8.310,29400,8.320,18900,8.330,2017-06-06,15:36:03
000031,中粮地产,7.380,7.400,7.330,7.380,7.300,7.330,7.340,5453059,39951249.460,302700,7.330,48200,7.320,95900,7.310,270179,7.300,17300,7.290,31733,7.340,33414,7.350,18500,7.360,60400,7.370,35800,7.380,2017-06-06,15:36:03
000032,深桑达Ａ,0.000,15.690,0.000,0.000,0.000,0.000,0.000,0,0.000,0,0.000,0,0.000,0,0.000,0,0.000,0,0.000,0,0.000,0,0.000,0,0.000,0,0.000,0,0.000,2017-06-06,15:36:03
000033,新都退,3.430,3.810,3.430,3.430,3.430,0.000,3.430,1300,4459.000,0,0.000,0,0.000,0,0.000,0,0.000,0,0.000,152125217,3.430,197754,3.440,64198,3.450,27403,3.460,10737,3.470,2017-06-06,15:36:03
000034,神州数码,0.000,24.450,0.000,0.000,0.000,0.000,0.000,0,0.000,0,0.000,0,0.000,0,0.000,0,0.000,0,0.000,0,0.000,0,0.000,0,0.000,0,0.000,0,0.000,2017-06-06,15:36:03
000035,中国天楹,6.830,6.850,6.910,6.920,6.800,6.900,6.910,6015118,41430013.020,11800,6.900,50200,6.890,65200,6.880,18500,6.870,29100,6.860,48300,6.910,79300,6.920,46200,6.930,34200,6.940,91500,6.950,2017-06-06,15:36:03
000036,华联控股,8.680,8.700,8.730,8.790,8.660,8.730,8.740,16568996,144495577.360,61730,8.730,348600,8.720,32299,8.710,74400,8.700,290200,8.690,152213,8.740,186200,8.750,211000,8.760,136400,8.770,236713,8.780,2017-06-06,15:36:03
000037,深南电A,9.640,9.670,9.840,10.230,9.560,9.830,9.840,2984725,29574699.500,32290,9.830,19800,9.810,4800,9.800,5685,9.790,200,9.780,3700,9.840,7300,9.850,15500,9.860,62639,9.870,24300,9.880,2017-06-06,15:36:03
000038,深大通,0.000,31.740,0.000,0.000,0.000,0.000,0.000,0,0.000,0,0.000,0,0.000,0,0.000,0,0.000,0,0.000,0,0.000,0,0.000,0,0.000,0,0.000,0,0.000,2017-06-06,15:36:03
000039,中集集团,16.520,16.570,16.600,16.720,16.340,16.600,16.610,14627880,241653521.560,553306,16.600,4000,16.590,59368,16.580,40620,16.570,18000,16.560,43500,16.610,9676,16.620,28000,16.630,48300,16.640,39600,16.650,2017-06-06,15:36:03
000040,东旭蓝天,12.050,12.010,12.000,12.130,11.900,11.970,12.000,4116137,49416161.490,4300,11.970,10000,11.950,10000,11.940,16400,11.930,14800,11.920,6400,12.000,17700,12.010,15800,12.020,15200,12.030,19400,12.040,2017-06-06,15:36:03
000042,中洲控股,18.260,18.260,17.800,18.260,17.600,17.800,17.810,1230049,21847570.400,4100,17.800,11300,17.700,1300,17.660,6400,17.640,500,17.630,200,17.810,1800,17.820,900,17.830,5800,17.840,11200,17.850,2017-06-06,15:36:03
000043,中航地产,9.280,9.300,9.360,9.470,9.210,9.350,9.360,4553283,42608304.490,20500,9.350,26200,9.330,33400,9.320,11000,9.300,8100,9.280,5400,9.360,66100,9.370,43951,9.380,31998,9.390,43700,9.400,2017-06-06,15:36:03
000045,深纺织Ａ,11.360,11.370,11.490,11.880,11.360,11.480,11.490,10520433,121804987.100,99400,11.480,600,11.470,33800,11.460,64500,11.450,13100,11.440,1811,11.490,10400,11.500,6400,11.510,12900,11.520,5100,11.530,2017-06-06,15:36:03
000046,泛海控股,8.240,8.270,8.330,8.330,8.240,8.320,8.330,2325948,19303513.990,23500,8.320,36900,8.310,50819,8.300,48900,8.290,118900,8.280,34300,8.330,49700,8.340,74300,8.350,36600,8.360,3900,8.370,2017-06-06,15:36:03
000048,康达尔,26.820,27.020,26.930,27.120,26.650,26.930,26.940,272232,7334380.190,2600,26.930,2900,26.920,6000,26.900,7200,26.890,17900,26.880,200,26.940,800,26.960,1300,26.970,1100,27.000,200,27.010,2017-06-06,15:36:03
000049,德赛电池,53.400,53.400,53.930,54.170,52.110,53.920,53.930,2943322,156455388.730,200,53.920,300,53.900,2100,53.850,300,53.830,600,53.820,17300,53.930,6000,53.940,2700,53.950,4000,53.960,2000,53.970,2017-06-06,15:36:03
000050,深天马Ａ,16.960,16.950,17.050,17.130,16.900,17.050,17.060,10403998,176884478.450,203200,17.050,65300,17.040,45600,17.030,33000,17.020,27700,17.010,20800,17.060,9400,17.070,24472,17.080,23200,17.090,73700,17.100,2017-06-06,15:36:03
000055,方大集团,6.950,6.950,6.990,7.000,6.920,6.980,6.990,3619329,25204632.710,42911,6.980,13300,6.970,57100,6.960,35150,6.950,38600,6.940,2150,6.990,70942,7.000,14700,7.010,21750,7.020,38800,7.030,2017-06-06,15:36:03
000056,皇庭国际,11.730,11.770,11.900,11.910,11.530,11.890,11.900,1445481,16934859.400,12100,11.890,5600,11.880,5800,11.870,2100,11.860,3900,11.850,49204,11.900,38200,11.910,7600,11.920,14100,11.930,2300,11.940,2017-06-06,15:36:03
000058,深 赛 格,7.440,7.440,7.510,7.560,7.370,7.500,7.510,2962900,22144018.400,36400,7.500,30800,7.490,30200,7.480,37700,7.470,50800,7.460,69626,7.510,29100,7.520,29100,7.530,67600,7.540,73100,7.550,2017-06-06,15:36:03
000059,华锦股份,9.890,9.920,9.940,9.960,9.860,9.930,9.940,8107177,80410102.750,204300,9.930,82600,9.920,84300,9.910,84899,9.900,85500,9.890,136700,9.940,134300,9.950,147367,9.960,124400,9.970,164400,9.980,2017-06-06,15:36:03
000060,中金岭南,9.870,9.900,9.900,9.900,9.810,9.900,9.910,7156847,70514761.020,13106,9.900,42809,9.890,56700,9.880,10700,9.870,48418,9.860,84900,9.910,77800,9.920,23200,9.930,20100,9.940,87900,9.950,2017-06-06,15:36:03
000061,农 产 品,8.750,8.780,8.850,8.950,8.720,8.850,8.860,3849445,33980981.230,42800,8.850,28388,8.840,20400,8.830,4600,8.820,19100,8.810,17000,8.860,20600,8.870,49758,8.880,32500,8.890,75679,8.900,2017-06-06,15:36:03
000062,深圳华强,28.500,28.540,28.840,29.300,28.280,28.830,28.840,15233000,438356133.180,32800,28.830,59400,28.820,55400,28.810,77900,28.800,34400,28.790,2000,28.840,4600,28.850,2300,28.860,1300,28.870,3900,28.880,2017-06-06,15:36:03
000063,中兴通讯,19.590,19.620,19.810,19.820,19.450,19.800,19.810,21330193,419096315.150,886100,19.800,81800,19.790,21100,19.780,10890,19.770,22800,19.760,43400,19.810,254892,19.820,102283,19.830,146198,19.840,162540,19.850,2017-06-06,15:36:03
000065,北方国际,23.610,23.590,23.800,23.920,23.060,23.790,23.800,6340801,150053437.400,8000,23.790,27900,23.780,600,23.770,1800,23.760,53300,23.750,2800,23.800,22200,23.810,55465,23.820,18000,23.830,7751,23.840,2017-06-06,15:36:03
000066,中国长城,8.110,8.120,8.140,8.190,8.030,8.130,8.140,15409392,125067309.070,186671,8.130,177700,8.120,111871,8.110,34400,8.100,38900,8.090,10794,8.140,144532,8.150,134695,8.160,99559,8.170,178600,8.180,2017-06-06,15:36:03
000068,华控赛格,6.880,6.980,6.750,6.960,6.600,6.750,6.760,10670700,71877535.000,9400,6.750,57900,6.740,1600,6.730,4800,6.720,4300,6.710,37700,6.760,20500,6.770,12900,6.780,41900,6.790,50000,6.800,2017-06-06,15:36:03
000069,华侨城Ａ,8.630,8.610,8.950,8.990,8.590,8.940,8.950,51210247,453534557.110,50510,8.940,55400,8.930,14800,8.920,42000,8.910,44200,8.900,125739,8.950,434136,8.960,471000,8.970,641451,8.980,881493,8.990,2017-06-06,15:36:03
000070,特发信息,22.100,22.200,22.180,22.300,21.910,22.180,22.190,1972811,43701541.810,5631,22.180,14600,22.170,3300,22.160,1700,22.150,2400,22.130,19200,22.190,38500,22.200,6500,22.210,15066,22.220,2700,22.230,2017-06-06,15:36:03
000078,海王生物,5.920,5.930,5.940,5.970,5.880,5.930,5.940,7062339,41928467.580,112340,5.930,179706,5.920,176972,5.910,440440,5.900,265750,5.890,44600,5.940,195036,5.950,312750,5.960,220224,5.970,201300,5.980,2017-06-06,15:36:03
000088,盐 田 港,9.800,9.810,10.100,10.250,9.740,10.090,10.100,55275452,552999751.770,264600,10.090,153200,10.080,192600,10.070,36300,10.060,32400,10.050,88601,10.100,125400,10.110,59500,10.120,48500,10.130,35200,10.140,2017-06-06,15:36:03
000089,深圳机场,9.180,9.210,9.350,9.410,9.130,9.340,9.350,12592775,117279550.250,26100,9.340,37800,9.330,39200,9.320,95900,9.310,76800,9.300,31500,9.350,205722,9.360,195000,9.370,260336,9.380,213397,9.390,2017-06-06,15:36:03
000090,天健集团,10.930,10.960,11.090,11.460,10.890,11.090,11.100,37735198,422423487.290,257392,11.090,47820,11.080,37140,11.070,18900,11.060,159600,11.050,96100,11.100,17300,11.110,69400,11.120,47300,11.130,12200,11.140,2017-06-06,15:36:03
000096,广聚能源,14.470,14.580,14.600,14.700,14.470,14.600,14.610,655119,9568371.130,1095,14.600,1200,14.580,800,14.550,700,14.540,6000,14.530,1700,14.610,2000,14.620,600,14.640,3301,14.650,7200,14.660,2017-06-06,15:36:03
000099,中信海直,0.000,11.260,0.000,0.000,0.000,0.000,0.000,0,0.000,0,0.000,0,0.000,0,0.000,0,0.000,0,0.000,0,0.000,0,0.000,0,0.000,0,0.000,0,0.000,2017-06-06,15:36:03
000100,TCL 集团,0.000,3.430,0.000,0.000,0.000,0.000,0.000,0,0.000,0,0.000,0,0.000,0,0.000,0,0.000,0,0.000,0,0.000,0,0.000,0,0.000,0,0.000,0,0.000,2017-06-06,15:36:03
000150,宜华健康,25.560,25.480,25.510,25.560,25.350,25.500,25.510,624000,15880966.400,12100,25.500,4440,25.490,4940,25.480,100,25.470,3000,25.460,12800,25.510,20100,25.520,1900,25.530,9500,25.540,25600,25.550,2017-06-06,15:36:03
000151,中成股份,19.000,19.220,19.220,19.470,18.970,19.220,19.230,6923068,133100908.230,22200,19.220,39600,19.210,21200,19.200,3400,19.190,6300,19.180,8400,19.230,500,19.240,1900,19.250,700,19.270,200,19.280,2017-06-06,15:36:03
000153,丰原药业,0.000,12.520,0.000,0.000,0.000,0.000,0.000,0,0.000,0,0.000,0,0.000,0,0.000,0,0.000,0,0.000,0,0.000,0,0.000,0,0.000,0,0.000,0,0.000,2017-06-06,15:36:03
000155,*ST川化,0.000,10.270,0.000,0.000,0.000,0.000,0.000,0,0.000,0,0.000,0,0.000,0,0.000,0,0.000,0,0.000,0,0.000,0,0.000,0,0.000,0,0.000,0,0.000,2016-05-09,16:00:57
000156,华数传媒,14.590,14.430,14.510,14.680,14.400,14.500,14.510,3220553,46660272.330,100,14.500,28600,14.490,6100,14.480,9236,14.470,11100,14.460,18118,14.510,17583,14.520,20900,14.530,18700,14.540,25700,14.550,2017-06-06,15:36:03
000157,中联重科,4.390,4.390,4.400,4.400,4.380,4.390,4.400,12786947,56129777.350,616738,4.390,1628156,4.380,743600,4.370,401300,4.360,328700,4.350,2666200,4.400,1147900,4.410,964800,4.420,943820,4.430,579800,4.440,2017-06-06,15:36:03
000158,常山股份,14.120,14.860,14.450,14.750,14.020,14.450,14.460,34475748,496600892.690,198799,14.450,136300,14.440,35601,14.430,110800,14.420,30300,14.410,25700,14.460,51300,14.470,35500,14.480,5400,14.490,146700,14.500,2017-06-06,15:36:03
000159,国际实业,6.380,6.370,6.390,6.400,6.320,6.380,6.390,4071682,25926148.310,60200,6.380,19000,6.370,6500,6.360,47000,6.350,25800,6.340,71600,6.390,125600,6.400,15900,6.410,29900,6.420,32600,6.430,2017-06-06,15:36:03
000166,申万宏源,5.660,5.650,5.680,5.690,5.630,5.670,5.680,14680584,83163075.980,170185,5.670,332639,5.660,485003,5.650,429145,5.640,305260,5.630,657938,5.680,655285,5.690,583640,5.700,304875,5.710,368585,5.720,2017-06-06,15:36:03
000301,东方市场,0.000,5.100,0.000,0.000,0.000,0.000,0.000,0,0.000,0,0.000,0,0.000,0,0.000,0,0.000,0,0.000,0,0.000,0,0.000,0,0.000,0,0.000,0,0.000,2017-06-06,15:36:03
000333,美的集团,36.500,36.390,38.000,38.010,36.450,37.990,38.000,47849505,1789235212.080,1400,37.990,2100,37.980,1900,37.970,1200,37.960,28800,37.950,192212,38.000,46300,38.010,46200,38.020,6100,38.030,4300,38.040,2017-06-06,15:36:03
000338,潍柴动力,11.420,11.480,11.220,11.420,11.120,11.210,11.220,35597069,399608425.640,56400,11.210,78600,11.200,25500,11.190,27500,11.180,74381,11.170,174800,11.220,160340,11.230,124200,11.240,108080,11.250,90480,11.260,2017-06-06,15:36:03
000400,许继电气,16.160,16.140,16.420,16.450,16.020,16.410,16.420,4656002,75784260.380,3700,16.410,6800,16.400,600,16.390,1300,16.380,700,16.370,14822,16.420,11700,16.430,25600,16.440,83800,16.450,18000,16.460,2017-06-06,15:36:03
000401,冀东水泥,15.940,16.090,16.000,16.230,15.810,16.000,16.010,41178517,659843498.120,700800,16.000,27500,15.990,84900,15.980,54000,15.970,72600,15.960,55800,16.010,83600,16.020,49500,16.030,47900,16.040,42300,16.050,2017-06-06,15:36:03
000402,金 融 街,11.760,11.790,11.860,11.910,11.710,11.850,11.860,11176557,132160138.980,112700,11.850,48100,11.840,59500,11.830,17800,11.820,77700,11.810,122487,11.860,281389,11.870,156701,11.880,138500,11.890,110527,11.900,2017-06-06,15:36:03
000403,ST生化,27.760,27.800,28.180,28.230,27.700,28.180,28.190,1630698,45626569.270,1920,28.180,1400,28.140,1500,28.130,52700,28.120,3200,28.110,1400,28.190,8300,28.200,13100,28.210,3300,28.220,7200,28.230,2017-06-06,15:36:03
000404,华意压缩,7.150,7.170,7.300,7.330,7.110,7.300,7.310,9916834,71736376.710,102375,7.300,149400,7.290,17400,7.280,20400,7.270,19100,7.260,46400,7.310,50100,7.320,86916,7.330,47800,7.340,76700,7.350,2017-06-06,15:36:03
000407,胜利股份,9.250,9.240,9.780,9.830,9.200,9.780,9.790,12139107,116046108.280,337900,9.780,47900,9.770,38900,9.760,61200,9.750,63900,9.740,49800,9.790,67960,9.800,41600,9.810,20600,9.820,47911,9.830,2017-06-06,15:36:03
000408,金谷源,13.600,13.510,13.490,13.600,13.380,13.470,13.490,1285810,17300042.000,23100,13.470,2000,13.450,2000,13.420,6700,13.410,400,13.390,5700,13.490,9800,13.500,9300,13.510,8600,13.520,4300,13.530,2017-06-06,15:36:03
000409,山东地矿,9.370,9.480,9.330,9.450,9.220,9.320,9.330,2751258,25661426.990,1700,9.320,15500,9.310,56189,9.300,21062,9.290,28100,9.280,109417,9.330,4000,9.340,20422,9.350,7200,9.360,6772,9.370,2017-06-06,15:36:03
000410,*ST沈机,6.880,6.550,6.880,6.880,6.880,6.880,0.000,744900,5124912.000,7584200,6.880,24200,6.870,6600,6.860,2200,6.850,500,6.840,0,0.000,0,0.000,0,0.000,0,0.000,0,0.000,2017-06-06,15:36:03
000411,英特集团,21.600,21.600,21.540,21.720,21.400,21.540,21.590,395198,8533507.380,3300,21.540,1200,21.520,4522,21.510,1300,21.500,300,21.490,600,21.590,3800,21.600,2600,21.620,2200,21.640,2100,21.650,2017-06-06,15:36:03
000413,东旭光电,9.920,9.930,9.940,9.970,9.870,9.940,9.950,20406998,202354351.210,323500,9.940,202000,9.930,164700,9.920,125100,9.910,130700,9.900,399900,9.950,240200,9.960,214100,9.970,234000,9.980,277600,9.990,2017-06-06,15:36:03
000415,渤海金控,6.360,6.400,6.420,6.470,6.340,6.410,6.420,10094766,64821720.030,49900,6.410,208777,6.400,87300,6.390,151378,6.380,72000,6.370,70900,6.420,105400,6.430,252800,6.440,413696,6.450,121800,6.460,2017-06-06,15:36:03
000416,民生控股,7.800,7.790,7.880,7.900,7.730,7.870,7.880,2525538,19796481.310,61900,7.870,14000,7.860,26100,7.850,33500,7.840,12800,7.830,10400,7.880,27200,7.890,23700,7.900,15500,7.910,4700,7.920,2017-06-06,15:36:03
000417,合肥百货,8.000,8.040,8.070,8.080,7.990,8.060,8.070,2765607,22248609.090,34299,8.060,19800,8.050,14698,8.040,14500,8.030,21770,8.020,18933,8.070,142000,8.080,57500,8.090,116000,8.100,49500,8.110,2017-06-06,15:36:03
000418,小天鹅Ａ,46.400,46.900,47.400,47.400,46.110,47.400,47.410,2807815,131818704.520,16710,47.400,9500,47.390,3300,47.380,2306,47.370,700,47.330,1100,47.410,900,47.420,3700,47.430,10200,47.440,100,47.450,2017-06-06,15:36:03
000419,通程控股,6.740,6.740,6.770,6.770,6.700,6.770,6.780,2153842,14511177.810,39100,6.770,43800,6.760,6523,6.750,6200,6.740,31700,6.730,42200,6.780,14400,6.790,28000,6.800,2000,6.810,16300,6.820,2017-06-06,15:36:03
000420,吉林化纤,3.020,3.010,3.020,3.020,2.980,3.010,3.020,4834700,14518797.000,113200,3.010,145700,3.000,495500,2.990,1337600,2.980,217000,2.970,344104,3.020,426300,3.030,291279,3.040,442293,3.050,536800,3.060,2017-06-06,15:36:03
000421,南京公用,6.960,6.960,7.020,7.020,6.930,7.010,7.020,1264192,8828638.340,24242,7.010,31300,7.000,57600,6.990,104300,6.980,65900,6.970,1090,7.020,94900,7.030,147800,7.040,61200,7.050,15700,7.060,2017-06-06,15:36:03
000422,湖北宜化,5.610,5.620,5.680,5.690,5.580,5.680,5.690,9259191,52173318.540,80700,5.680,177500,5.670,33700,5.660,29300,5.650,68100,5.640,203100,5.690,301200,5.700,180600,5.710,177000,5.720,2691266,5.730,2017-06-06,15:36:03
000423,东阿阿胶,64.990,64.990,66.020,66.020,64.840,66.020,66.030,5867769,385120440.140,24782,66.020,18700,66.010,39400,66.000,1300,65.990,500,65.980,2300,66.030,2300,66.040,5200,66.050,800,66.060,300,66.070,2017-06-06,15:36:03
000425,徐工机械,3.420,3.410,3.450,3.450,3.400,3.440,3.450,34827862,119195955.130,1906500,3.440,1236219,3.430,1666100,3.420,1555400,3.410,1756965,3.400,3032329,3.450,1572800,3.460,594200,3.470,1244500,3.480,472100,3.490,2017-06-06,15:36:03
000426,兴业矿业,7.850,7.830,7.930,7.990,7.740,7.930,7.940,7705675,60868790.920,900,7.930,41300,7.920,19426,7.910,87000,7.900,7400,7.890,27100,7.940,43472,7.950,64844,7.960,100340,7.970,350218,7.980,2017-06-06,15:36:03
000428,华天酒店,4.900,4.890,4.990,5.050,4.860,4.980,4.990,4534693,22492668.650,159100,4.980,256200,4.970,65700,4.960,93600,4.950,11800,4.940,50900,4.990,39500,5.000,35700,5.010,44100,5.020,45100,5.030,2017-06-06,15:36:03
000429,粤高速Ａ,8.800,8.800,8.750,8.810,8.690,8.750,8.760,9953938,87070571.490,54752,8.750,125200,8.740,54100,8.730,55000,8.720,101400,8.710,178100,8.760,152700,8.770,241700,8.780,192300,8.790,313401,8.800,2017-06-06,15:36:03
000430,张家界,10.630,10.550,10.580,10.630,10.470,10.570,10.580,1649079,17389649.620,52200,10.570,500,10.560,2800,10.550,5600,10.540,6000,10.530,23794,10.580,10200,10.590,40742,10.600,15387,10.610,12400,10.620,2017-06-06,15:36:03
000488,晨鸣纸业,11.800,11.800,11.930,11.930,11.730,11.920,11.930,16810234,199025865.220,63400,11.920,59200,11.910,50500,11.900,28002,11.890,43600,11.880,140100,11.930,145100,11.940,252900,11.950,59400,11.960,58800,11.970,2017-06-06,15:36:03
000498,山东路桥,6.680,6.700,6.720,6.770,6.650,6.710,6.720,2930608,19646385.970,15900,6.710,12300,6.700,28300,6.690,21800,6.680,26500,6.670,176927,6.720,27100,6.730,39000,6.740,65200,6.750,64200,6.760,2017-06-06,15:36:03
000501,鄂武商Ａ,16.180,16.180,16.630,16.740,16.110,16.630,16.640,6272941,103526024.920,19560,16.630,39500,16.600,22660,16.590,600,16.580,4700,16.570,99180,16.640,25260,16.650,37090,16.660,500,16.670,15450,16.680,2017-06-06,15:36:03
000502,绿景控股,0.000,14.070,0.000,0.000,0.000,0.000,0.000,0,0.000,0,0.000,0,0.000,0,0.000,0,0.000,0,0.000,0,0.000,0,0.000,0,0.000,0,0.000,0,0.000,2017-06-06,15:36:03
000503,海虹控股,0.000,24.930,0.000,0.000,0.000,0.000,0.000,0,0.000,0,0.000,0,0.000,0,0.000,0,0.000,0,0.000,0,0.000,0,0.000,0,0.000,0,0.000,0,0.000,2017-06-06,15:36:03
000504,南华生物,20.350,20.320,22.320,22.350,20.210,22.310,22.320,13998043,303104599.760,7200,22.310,4600,22.300,3900,22.290,2500,22.280,900,22.260,872500,22.320,27400,22.330,110900,22.340,416345,22.350,0,0.000,2017-06-06,15:36:03
000505,珠江控股,8.930,8.970,9.090,9.090,8.840,9.090,9.100,1969179,17695480.340,16900,9.090,13000,9.080,37500,9.070,700,9.060,11800,9.050,23300,9.100,2700,9.110,12500,9.120,600,9.150,6400,9.160,2017-06-06,15:36:03
000506,中润资源,0.000,8.750,0.000,0.000,0.000,0.000,0.000,0,0.000,0,0.000,0,0.000,0,0.000,0,0.000,0,0.000,0,0.000,0,0.000,0,0.000,0,0.000,0,0.000,2017-06-06,15:36:03
000507,珠海港,9.810,9.910,10.320,10.550,9.760,10.320,10.330,111965773,1144886669.820,1058620,10.320,308600,10.310,169899,10.300,29800,10.290,131100,10.280,177584,10.330,168100,10.340,331500,10.350,165600,10.360,134700,10.370,2017-06-06,15:36:03
000509,华塑控股,6.370,6.390,6.380,6.390,6.290,6.350,6.380,6387900,40444609.400,1400,6.350,10000,6.340,4100,6.330,51600,6.320,47400,6.310,334100,6.380,323700,6.390,546700,6.400,99100,6.410,62100,6.420,2017-06-06,15:36:03
000510,金路集团,6.800,6.900,6.890,6.930,6.750,6.880,6.890,6314801,43354450.740,49200,6.880,27400,6.870,16100,6.860,54800,6.850,28500,6.840,49200,6.890,81001,6.900,60300,6.910,61700,6.920,136800,6.930,2017-06-06,15:36:03
000511,*ST烯碳,0.000,5.270,0.000,0.000,0.000,0.000,0.000,0,0.000,0,0.000,0,0.000,0,0.000,0,0.000,0,0.000,0,0.000,0,0.000,0,0.000,0,0.000,0,0.000,2017-06-06,15:36:03
000513,丽珠集团,62.000,61.940,62.320,62.460,61.800,62.320,62.350,2077509,128823003.790,3200,62.320,1600,62.310,3760,62.300,300,62.290,3100,62.280,500,62.350,2026,62.360,600,62.420,1700,62.430,4300,62.440,2017-06-06,15:36:03
000514,渝 开 发,7.200,7.200,7.260,7.270,7.160,7.260,7.270,4971106,35916542.880,120913,7.260,16600,7.250,4700,7.240,71000,7.230,19400,7.220,99300,7.270,79600,7.280,62200,7.290,101700,7.300,5600,7.310,2017-06-06,15:36:03
000516,国际医学,5.410,5.410,5.420,5.450,5.380,5.410,5.420,11477950,62120168.500,205500,5.410,264100,5.400,188900,5.390,222700,5.380,87200,5.370,137700,5.420,148200,5.430,295800,5.440,281150,5.450,294100,5.460,2017-06-06,15:36:03
000517,荣安地产,4.420,4.430,4.530,4.560,4.410,4.520,4.530,5604803,25231237.860,31300,4.520,31200,4.510,50500,4.500,14100,4.490,85300,4.480,9300,4.530,140900,4.540,107079,4.550,137800,4.560,99000,4.570,2017-06-06,15:36:03
000518,四环生物,7.060,7.060,7.080,7.140,7.050,7.080,7.090,1134901,8040754.840,11400,7.080,47600,7.070,18200,7.060,30200,7.050,12200,7.040,60600,7.090,60800,7.100,108812,7.110,46800,7.120,20300,7.130,2017-06-06,15:36:03
000519,中兵红箭,11.790,11.760,11.890,11.950,11.710,11.880,11.890,7493777,88938663.890,21200,11.880,16900,11.870,24300,11.860,7252,11.850,10900,11.840,33409,11.890,74900,11.900,132200,11.910,245600,11.920,15400,11.930,2017-06-06,15:36:03
000520,长航凤凰,5.720,5.710,5.910,6.190,5.720,5.910,5.920,18427098,109640635.260,69000,5.910,125500,5.900,51005,5.890,88999,5.880,82400,5.870,261500,5.920,29500,5.930,82600,5.940,328383,5.950,40475,5.960,2017-06-06,15:36:03
000521,美菱电器,5.820,5.830,5.930,5.940,5.800,5.920,5.930,6058906,35592379.410,40500,5.920,24712,5.910,106400,5.900,8400,5.890,31600,5.880,61600,5.930,87634,5.940,45862,5.950,83400,5.960,48400,5.970,2017-06-06,15:36:03
000523,广州浪奇,9.300,9.360,9.370,9.440,9.300,9.370,9.380,1447560,13564781.170,22100,9.370,15200,9.360,6700,9.350,13200,9.340,8900,9.330,19600,9.380,24200,9.390,21900,9.400,5800,9.410,4200,9.420,2017-06-06,15:36:03
000524,岭南控股,12.110,12.060,12.140,12.150,11.960,12.130,12.140,1037639,12532698.250,3200,12.130,1300,12.120,4086,12.110,4500,12.100,6900,12.090,20200,12.140,19100,12.150,15300,12.160,200,12.170,2000,12.180,2017-06-06,15:36:03
000525,红 太 阳,16.980,16.970,16.680,17.030,16.520,16.680,16.690,2973526,49687087.260,66700,16.680,1000,16.670,2500,16.640,15300,16.630,2000,16.620,3200,16.690,8800,16.700,1000,16.720,1200,16.730,2000,16.740,2017-06-06,15:36:03
000526,*ST紫学,0.000,36.600,0.000,0.000,0.000,0.000,0.000,0,0.000,0,0.000,0,0.000,0,0.000,0,0.000,0,0.000,0,0.000,0,0.000,0,0.000,0,0.000,0,0.000,2017-06-06,15:36:03
000528,柳 工,7.810,7.840,7.900,7.910,7.800,7.890,7.900,7638799,60117984.000,108900,7.890,7900,7.880,118800,7.870,25100,7.860,124592,7.850,23396,7.900,106176,7.910,376300,7.920,53900,7.930,45000,7.940,2017-06-06,15:36:03
000529,广弘控股,8.870,8.940,8.920,9.140,8.810,8.920,8.940,3668009,33021383.470,12379,8.920,28900,8.910,1200,8.900,700,8.890,2400,8.880,1500,8.940,10000,8.950,2400,8.960,7700,8.970,15331,8.980,2017-06-06,15:36:03
000530,大冷股份,9.380,9.380,9.380,9.430,9.270,9.370,9.380,2405549,22476888.180,64700,9.370,14400,9.360,7000,9.350,5800,9.340,34000,9.330,14300,9.380,5000,9.390,35900,9.400,11000,9.410,13300,9.420,2017-06-06,15:36:03
000531,穗恒运Ａ,9.400,9.420,9.470,9.510,9.360,9.460,9.470,2412742,22754033.060,19000,9.460,3900,9.450,5300,9.440,12900,9.430,4200,9.420,27700,9.470,172000,9.480,34300,9.490,49400,9.500,60100,9.510,2017-06-06,15:36:03
000532,华金资本,13.350,13.460,13.610,13.660,13.350,13.610,13.620,2087988,28339736.950,10399,13.610,26100,13.600,7000,13.590,3300,13.580,4000,13.570,10900,13.620,27100,13.630,11600,13.640,41100,13.650,10301,13.660,2017-06-06,15:36:03
000533,万 家 乐,10.290,10.230,10.220,10.290,10.100,10.220,10.230,2247800,22872800.960,20400,10.220,64200,10.210,32800,10.200,62300,10.190,77100,10.180,52900,10.230,60300,10.240,53900,10.250,14900,10.260,16900,10.270,2017-06-06,15:36:03
000534,万泽股份,12.410,12.500,12.270,12.610,12.150,12.260,12.270,1386297,17141303.170,600,12.260,1700,12.250,5399,12.240,100,12.230,24200,12.220,21400,12.270,600,12.280,265,12.340,1300,12.350,1800,12.360,2017-06-06,15:36:03
000536,华映科技,5.570,5.590,5.620,5.630,5.530,5.620,5.630,3311869,18560261.290,86051,5.620,69360,5.610,106640,5.600,143300,5.590,54700,5.580,111481,5.630,59360,5.640,98820,5.650,62680,5.660,13660,5.670,2017-06-06,15:36:03
000537,广宇发展,7.950,8.060,8.080,8.130,7.880,8.080,8.090,5588869,44990990.080,38000,8.080,29000,8.070,231000,8.060,51700,8.050,16800,8.040,47300,8.090,54400,8.100,37700,8.110,40400,8.120,27100,8.130,2017-06-06,15:36:03
000538,云南白药,88.110,88.100,89.050,89.160,87.680,89.040,89.050,2630052,232747386.010,21800,89.040,400,89.030,1300,89.020,200,89.010,4900,89.000,1500,89.050,5804,89.060,500,89.070,2000,89.080,3200,89.090,2017-06-06,15:36:03
000539,粤电力Ａ,5.230,5.250,5.270,5.280,5.220,5.260,5.270,2461189,12930611.590,60620,5.260,61245,5.250,31200,5.240,76200,5.230,52700,5.220,84376,5.270,112460,5.280,62300,5.290,120900,5.300,78300,5.310,2017-06-06,15:36:03
000540,中天金融,6.430,6.430,6.450,6.470,6.390,6.440,6.450,8905067,57275939.290,48000,6.440,130500,6.430,34700,6.420,112000,6.410,313600,6.400,58547,6.450,301000,6.460,360081,6.470,396500,6.480,517347,6.490,2017-06-06,15:36:03
000541,佛山照明,9.680,9.650,9.710,9.730,9.610,9.700,9.710,5266982,51007816.930,23500,9.700,62500,9.690,18100,9.680,15026,9.670,37216,9.660,93700,9.710,107600,9.720,161000,9.730,103500,9.740,136900,9.750,2017-06-06,15:36:03
000543,皖能电力,5.580,5.600,5.580,5.630,5.560,5.580,5.590,9228743,51715770.120,136400,5.580,166623,5.570,135200,5.560,187900,5.550,260100,5.540,41581,5.590,149300,5.600,97400,5.610,425742,5.620,503707,5.630,2017-06-06,15:36:03
000544,中原环保,19.750,19.800,19.870,20.010,19.600,19.870,19.880,3696857,73365073.260,2400,19.870,9500,19.860,17900,19.850,23500,19.840,13900,19.820,40700,19.880,22500,19.890,31200,19.900,900,19.910,7100,19.920,2017-06-06,15:36:03
000545,金浦钛业,5.300,5.310,5.350,5.350,5.270,5.340,5.350,7325100,38988678.000,208500,5.340,126900,5.330,189400,5.320,187000,5.310,215500,5.300,310100,5.350,124000,5.360,104580,5.370,113200,5.380,146600,5.390,2017-06-06,15:36:03
000546,金圆股份,10.500,10.780,10.330,10.600,10.000,10.280,10.330,9418205,97757943.530,800,10.280,1700,10.260,67700,10.250,23200,10.240,11200,10.230,11900,10.330,19900,10.340,2800,10.350,2000,10.370,800,10.380,2017-06-06,15:36:03
000547,航天发展,9.860,9.830,9.890,10.050,9.820,9.880,9.890,11655066,115672405.820,28632,9.880,22800,9.870,52800,9.860,40541,9.850,79010,9.840,91324,9.890,30000,9.900,31300,9.910,26700,9.920,37800,9.930,2017-06-06,15:36:03
000548,湖南投资,7.200,7.200,7.180,7.220,7.130,7.170,7.180,2397891,17163145.640,166300,7.170,58400,7.160,21500,7.150,27299,7.140,55300,7.130,22400,7.180,22200,7.190,93100,7.200,30200,7.210,20700,7.220,2017-06-06,15:36:03
000550,江铃汽车,20.020,19.970,19.870,20.020,19.770,19.860,19.870,2309974,45903997.780,4100,19.860,1200,19.850,200,19.840,100,19.820,5500,19.810,24300,19.870,11900,19.880,28100,19.890,5300,19.900,1500,19.910,2017-06-06,15:36:03
000551,创元科技,10.050,9.630,10.220,10.590,9.940,10.220,10.230,51740558,538590708.470,568048,10.220,107800,10.210,90700,10.200,117300,10.190,195700,10.180,28000,10.230,6800,10.240,38000,10.250,10800,10.260,34700,10.270,2017-06-06,15:36:03
000552,靖远煤电,3.390,3.400,3.410,3.410,3.370,3.400,3.410,8598737,29187367.720,195900,3.400,307500,3.390,426400,3.380,633100,3.370,603600,3.360,334507,3.410,320400,3.420,318100,3.430,379200,3.440,943600,3.450,2017-06-06,15:36:03
000553,沙隆达Ａ,13.250,13.180,13.010,13.350,12.910,13.010,13.020,5723768,74949984.000,24100,13.010,128332,13.000,61200,12.990,26100,12.980,8100,12.970,5000,13.020,4200,13.030,19100,13.040,3900,13.050,800,13.070,2017-06-06,15:36:03
000554,泰山石油,8.000,8.050,8.050,8.070,7.920,8.040,8.050,9106701,72736741.960,4900,8.040,111600,8.030,60200,8.020,98900,8.010,78900,8.000,146200,8.050,52800,8.060,47100,8.070,15600,8.080,32300,8.090,2017-06-06,15:36:03
000555,神州信息,15.900,15.970,16.020,16.070,15.820,16.020,16.030,2342580,37404744.100,19900,16.020,6300,16.010,10100,16.000,1000,15.990,2700,15.980,28240,16.030,35676,16.040,37800,16.050,36100,16.060,14000,16.070,2017-06-06,15:36:03
000557,西部创业,0.000,5.830,0.000,0.000,0.000,0.000,0.000,0,0.000,0,0.000,0,0.000,0,0.000,0,0.000,0,0.000,0,0.000,0,0.000,0,0.000,0,0.000,0,0.000,2017-06-06,15:36:03
000558,莱茵体育,7.800,7.920,7.650,7.860,7.480,7.650,7.660,58491616,447363598.670,306182,7.650,196100,7.640,30934,7.630,17500,7.620,63600,7.610,55500,7.660,58400,7.670,45700,7.680,69450,7.690,143700,7.700,2017-06-06,15:36:03
000559,万向钱潮,9.420,9.430,9.430,9.440,9.320,9.430,9.440,7686200,72150391.810,289378,9.430,193048,9.420,6900,9.400,3000,9.390,7700,9.380,177620,9.440,126360,9.450,79500,9.460,53500,9.470,102008,9.480,2017-06-06,15:36:03
000560,昆百大Ａ,8.650,8.390,8.970,9.230,8.540,8.960,8.970,12988492,116554893.290,10380,8.960,13800,8.950,43700,8.940,15600,8.930,31700,8.920,6406,8.970,37900,8.980,38800,8.990,403700,9.000,109500,9.010,2017-06-06,15:36:03
000561,烽火电子,9.150,9.130,9.290,9.320,9.130,9.290,9.300,3839123,35548030.170,58027,9.290,34300,9.280,30000,9.270,25000,9.260,26700,9.250,83400,9.300,22500,9.310,39700,9.320,27693,9.330,36500,9.340,2017-06-06,15:36:03
000563,陕国投Ａ,4.780,4.770,4.800,4.800,4.760,4.790,4.800,12704044,60794248.550,303900,4.790,254823,4.780,480149,4.770,328300,4.760,191700,4.750,225792,4.800,236000,4.810,164000,4.820,167600,4.830,147600,4.840,2017-06-06,15:36:03
000564,供销大集,6.580,6.550,6.520,6.580,6.450,6.520,6.530,3220224,20932602.160,6600,6.520,27400,6.510,16700,6.500,14800,6.490,39500,6.480,13200,6.530,13600,6.540,43100,6.550,23700,6.560,15086,6.570,2017-06-06,15:36:03
000565,渝三峡Ａ,9.520,9.520,9.400,9.520,9.360,9.400,9.410,2733073,25738080.790,21500,9.400,11000,9.390,8700,9.380,31300,9.370,35100,9.360,93700,9.410,15400,9.420,15900,9.430,20600,9.440,69426,9.450,2017-06-06,15:36:03
000566,海南海药,0.000,13.170,0.000,0.000,0.000,0.000,0.000,0,0.000,0,0.000,0,0.000,0,0.000,0,0.000,0,0.000,0,0.000,0,0.000,0,0.000,0,0.000,0,0.000,2017-06-06,15:36:03
000567,海德股份,22.180,22.180,22.280,22.400,21.900,22.280,22.290,1814576,40170134.020,5799,22.280,20200,22.270,18351,22.260,1000,22.250,6900,22.220,3329,22.290,8100,22.300,3000,22.310,1400,22.320,14236,22.330,2017-06-06,15:36:03
000568,泸州老窖,46.510,46.690,47.810,47.860,46.510,47.810,47.820,6451408,304908675.110,52742,47.810,47700,47.800,7600,47.790,8800,47.780,15500,47.770,11500,47.820,4400,47.830,8800,47.840,12300,47.850,5500,47.860,2017-06-06,15:36:03
000570,苏常柴Ａ,6.690,6.690,6.720,6.750,6.630,6.710,6.720,3098310,20707628.270,33800,6.710,19600,6.700,15200,6.690,14700,6.680,33000,6.670,59400,6.720,31500,6.730,95600,6.740,24400,6.750,16300,6.760,2017-06-06,15:36:03
000571,新大洲Ａ,0.000,8.110,0.000,0.000,0.000,0.000,0.000,0,0.000,0,0.000,0,0.000,0,0.000,0,0.000,0,0.000,0,0.000,0,0.000,0,0.000,0,0.000,0,0.000,2017-06-06,15:36:03
000572,海马汽车,5.100,5.130,5.120,5.120,5.060,5.110,5.120,8294675,42226443.720,108800,5.110,233100,5.100,149600,5.090,113385,5.080,294165,5.070,55000,5.120,91851,5.130,60800,5.140,134968,5.150,280900,5.160,2017-06-06,15:36:03
000573,粤宏远Ａ,6.840,6.830,6.900,7.070,6.700,6.900,6.910,23507501,161723274.470,7700,6.900,45400,6.890,28298,6.880,48301,6.870,7701,6.860,141400,6.910,19000,6.920,43300,6.930,46200,6.940,77600,6.950,2017-06-06,15:36:03
000576,广东甘化,16.890,16.900,16.900,16.920,16.770,16.900,16.910,3406529,57470959.750,56600,16.900,5799,16.890,6700,16.880,5900,16.860,4400,16.850,109800,16.910,56300,16.920,14600,16.930,12800,16.940,67300,16.950,2017-06-06,15:36:03
000581,威孚高科,22.140,22.150,22.200,22.380,22.040,22.200,22.210,4305445,95520033.000,10700,22.200,11800,22.190,14300,22.180,2200,22.160,1893,22.150,43900,22.210,11799,22.220,18600,22.230,61800,22.240,9200,22.250,2017-06-06,15:36:03
000582,北部湾港,10.930,10.920,11.100,11.150,10.780,11.100,11.110,7667639,84614917.850,134529,11.100,11800,11.090,75700,11.080,37400,11.070,15900,11.060,29320,11.110,36870,11.120,15550,11.130,10400,11.140,64820,11.150,2017-06-06,15:36:03
000584,友利控股,11.970,12.010,12.130,12.190,11.900,12.130,12.140,6084988,73445090.100,61550,12.130,18700,12.120,4200,12.110,119200,12.100,114200,12.090,3300,12.140,12300,12.150,68500,12.160,8000,12.170,27900,12.180,2017-06-06,15:36:03
000585,东北电气,6.540,6.420,6.370,6.540,6.330,6.370,6.380,2686153,17199798.010,15000,6.370,22798,6.360,23600,6.350,5400,6.340,34399,6.330,28800,6.380,45600,6.390,14100,6.400,51000,6.410,36900,6.420,2017-06-06,15:36:03
000586,汇源通信,17.320,17.260,17.210,17.370,17.020,17.210,17.230,631073,10883078.330,6827,17.210,6200,17.190,20900,17.170,2400,17.160,7000,17.150,1000,17.230,500,17.240,600,17.260,9100,17.270,100,17.280,2017-06-06,15:36:03
000587,金洲慈航,14.550,14.570,14.700,14.760,14.340,14.690,14.700,5764537,83843275.720,10100,14.690,9200,14.680,4500,14.660,2100,14.640,300,14.630,13900,14.700,31336,14.710,23900,14.720,25600,14.730,36900,14.740,2017-06-06,15:36:03
000589,黔轮胎Ａ,5.360,5.380,5.410,5.420,5.330,5.410,5.420,5896123,31673191.350,10200,5.410,258200,5.400,12000,5.390,56600,5.380,28500,5.370,317600,5.420,73200,5.430,40000,5.440,105100,5.450,65000,5.460,2017-06-06,15:36:03
000590,启迪古汉,15.900,15.890,16.080,16.090,15.800,16.080,16.090,584655,9302829.000,3300,16.080,1000,16.000,2000,15.960,11200,15.950,4600,15.940,4200,16.090,600,16.100,6689,16.110,800,16.150,3707,16.200,2017-06-06,15:36:03
000591,太阳能,5.490,5.500,5.550,5.560,5.420,5.550,5.560,7368016,40432727.280,3036,5.550,69080,5.540,47460,5.530,28980,5.520,42120,5.510,65380,5.560,72640,5.570,179100,5.580,63220,5.590,110320,5.600,2017-06-06,15:36:03
000592,平潭发展,5.160,5.150,5.120,5.170,5.100,5.110,5.120,7629851,39116773.200,340000,5.110,206714,5.100,143800,5.090,128000,5.080,76900,5.070,18900,5.120,117000,5.130,60300,5.140,334700,5.150,213700,5.160,2017-06-06,15:36:03
000593,大通燃气,8.530,8.530,8.460,8.550,8.400,8.460,8.470,2467562,20844742.240,22200,8.460,4300,8.450,13600,8.440,18429,8.430,10300,8.420,21153,8.470,14800,8.480,21700,8.490,16600,8.500,13400,8.510,2017-06-06,15:36:03
000595,*ST宝实,3.990,3.870,4.060,4.060,3.950,4.060,0.000,28093475,113141641.980,1592500,4.060,115900,4.050,141800,4.040,126000,4.030,252200,4.020,0,0.000,0,0.000,0,0.000,0,0.000,0,0.000,2017-06-06,15:36:03
000596,古井贡酒,46.300,46.150,47.320,47.360,46.000,47.310,47.320,1568227,73347447.500,5000,47.310,2800,47.300,700,47.290,200,47.280,300,47.260,6980,47.320,8200,47.330,5400,47.340,8900,47.350,3000,47.360,2017-06-06,15:36:03
000597,东北制药,10.390,10.450,10.510,10.560,10.290,10.510,10.520,4204798,44042277.300,23900,10.510,25400,10.500,13200,10.490,13600,10.480,11600,10.470,46484,10.520,35700,10.530,10000,10.540,28100,10.550,28300,10.560,2017-06-06,15:36:03
000598,兴蓉环境,5.510,5.520,5.520,5.550,5.490,5.510,5.520,7641495,42160273.000,428600,5.510,241485,5.500,416300,5.490,171500,5.480,72400,5.470,489700,5.520,203212,5.530,453200,5.540,534938,5.550,463500,5.560,2017-06-06,15:36:03
000599,青岛双星,6.820,7.120,6.960,7.030,6.820,6.950,6.960,24262361,167801957.900,157200,6.950,33000,6.940,16000,6.930,14900,6.920,27600,6.910,320830,6.960,117000,6.970,108280,6.980,175700,6.990,135500,7.000,2017-06-06,15:36:03
000600,建投能源,12.370,12.460,12.280,12.390,12.110,12.280,12.290,36936120,452166730.500,455000,12.280,31200,12.270,53600,12.260,64200,12.250,2900,12.240,39200,12.290,129100,12.300,36500,12.310,30500,12.320,33000,12.330,2017-06-06,15:36:03
000601,韶能股份,6.540,6.550,6.880,6.890,6.540,6.870,6.880,16579117,112273112.770,338343,6.870,31200,6.860,712705,6.850,53500,6.840,284700,6.830,290435,6.880,322608,6.890,212700,6.900,49600,6.910,29800,6.920,2017-06-06,15:36:03
000603,盛达矿业,12.220,12.230,12.260,12.330,12.120,12.260,12.270,1792303,21932755.620,31400,12.260,9200,12.250,2300,12.230,7900,12.220,6500,12.210,11300,12.270,17100,12.280,7900,12.290,12400,12.300,8200,12.310,2017-06-06,15:36:03
000605,渤海股份,27.090,27.380,26.340,27.170,25.810,26.340,26.350,13820246,365730981.350,21200,26.340,44000,26.330,131700,26.320,9300,26.310,15000,26.300,7100,26.350,3600,26.360,6200,26.370,5600,26.380,4500,26.390,2017-06-06,15:36:03
000606,神州易桥,10.000,10.170,10.640,10.960,9.920,10.640,10.650,11249642,118534206.540,23100,10.640,12100,10.630,19900,10.620,16500,10.610,30000,10.600,19100,10.650,8600,10.660,8600,10.670,24000,10.680,23900,10.690,2017-06-06,15:36:03
000607,华媒控股,7.090,7.120,7.830,7.830,7.070,7.830,0.000,26651311,204217542.590,496000,7.830,6600,7.820,43000,7.810,139300,7.800,11500,7.790,0,0.000,0,0.000,0,0.000,0,0.000,0,0.000,2017-06-06,15:36:03
000608,阳光股份,8.540,8.570,8.580,8.620,8.500,8.570,8.580,2821535,24192355.700,12900,8.570,10600,8.560,1100,8.550,11280,8.540,13300,8.530,262721,8.580,24600,8.590,55200,8.600,53430,8.610,26000,8.620,2017-06-06,15:36:03
000609,绵石投资,13.930,13.880,14.400,14.880,13.710,14.390,14.400,1888536,27097937.520,36000,14.390,17400,14.380,3800,14.370,16100,14.360,1100,14.350,31410,14.400,11500,14.410,3000,14.420,500,14.430,5200,14.440,2017-06-06,15:36:03
000610,西安旅游,0.000,11.450,0.000,0.000,0.000,0.000,0.000,0,0.000,0,0.000,0,0.000,0,0.000,0,0.000,0,0.000,0,0.000,0,0.000,0,0.000,0,0.000,0,0.000,2017-06-06,15:36:03
000611,*ST天首,0.000,10.050,0.000,0.000,0.000,0.000,0.000,0,0.000,0,0.000,0,0.000,0,0.000,0,0.000,0,0.000,0,0.000,0,0.000,0,0.000,0,0.000,0,0.000,2017-06-06,15:36:03
000612,焦作万方,7.740,7.740,7.810,7.850,7.640,7.800,7.810,4656922,36200629.230,82000,7.800,3000,7.790,8400,7.780,7176,7.770,14900,7.760,43800,7.810,19719,7.820,31100,7.830,34795,7.840,55600,7.850,2017-06-06,15:36:03
000613,*ST东海A,0.000,15.040,0.000,0.000,0.000,0.000,0.000,0,0.000,0,0.000,0,0.000,0,0.000,0,0.000,0,0.000,0,0.000,0,0.000,0,0.000,0,0.000,0,0.000,2017-06-06,15:36:03
000615,京汉股份,15.490,15.570,15.580,15.980,15.210,15.580,15.590,29984822,466416170.360,235200,15.580,124300,15.570,104100,15.560,19200,15.550,6000,15.540,69200,15.590,57900,15.600,1900,15.610,21200,15.620,3200,15.630,2017-06-06,15:36:03
000616,海航投资,4.440,4.460,4.420,4.450,4.390,4.410,4.420,10751980,47544797.810,166859,4.410,104697,4.400,256200,4.390,152100,4.380,28300,4.370,19500,4.420,103900,4.430,100200,4.440,176200,4.450,167000,4.460,2017-06-06,15:36:03
000617,中油资本,14.700,14.650,14.540,14.780,14.460,14.530,14.540,2072113,30171348.970,4900,14.530,6400,14.520,10900,14.510,30700,14.500,3400,14.480,33400,14.540,26900,14.550,3400,14.560,9000,14.570,5000,14.580,2017-06-06,15:36:03
000619,海螺型材,9.200,9.200,9.220,9.250,9.130,9.210,9.220,1648802,15159435.050,103600,9.210,58100,9.200,70400,9.190,11200,9.180,1100,9.170,8700,9.220,36700,9.230,13000,9.240,29300,9.250,34100,9.260,2017-06-06,15:36:03
000620,新华联,7.320,7.370,7.220,7.340,7.190,7.210,7.220,3547244,25652266.240,17622,7.210,140811,7.200,38443,7.190,19500,7.180,16800,7.170,118100,7.220,20000,7.230,8300,7.240,69674,7.250,55600,7.260,2017-06-06,15:36:03
000622,恒立实业,6.300,6.280,6.570,6.900,6.210,6.550,6.570,6580500,43309698.180,2000,6.550,1500,6.540,2600,6.530,2700,6.520,18900,6.510,14300,6.570,135800,6.580,58100,6.590,26500,6.600,13600,6.610,2017-06-06,15:36:03
000623,吉林敖东,28.010,27.970,28.030,28.080,27.880,28.030,28.040,4016365,112448748.160,45900,28.030,33600,28.020,15210,28.010,20900,28.000,23894,27.990,4900,28.040,7100,28.050,10700,28.060,19100,28.070,29300,28.080,2017-06-06,15:36:03
000625,长安汽车,14.260,14.270,14.250,14.290,14.170,14.240,14.250,17622058,250716587.350,26500,14.240,50300,14.230,89530,14.220,190878,14.210,307998,14.200,41755,14.250,151000,14.260,283800,14.270,282100,14.280,118400,14.290,2017-06-06,15:36:03
000626,远大控股,15.970,15.970,16.080,16.340,15.790,16.080,16.090,2013536,32446229.240,16100,16.080,4700,16.070,6100,16.050,4100,16.040,4400,16.030,5100,16.090,20500,16.100,2300,16.110,4600,16.120,5300,16.130,2017-06-06,15:36:03
000627,天茂集团,7.060,7.060,7.030,7.110,6.970,7.020,7.030,10470413,73565767.140,199500,7.020,76509,7.010,72700,7.000,39000,6.990,85642,6.980,74000,7.030,108600,7.040,117000,7.050,20100,7.060,55500,7.070,2017-06-06,15:36:03
000628,高新发展,9.140,9.140,9.190,9.200,9.050,9.180,9.190,2385942,21793392.510,5500,9.180,10100,9.170,7900,9.160,2500,9.150,2900,9.140,34000,9.190,38189,9.200,10100,9.210,5200,9.220,2700,9.230,2017-06-06,15:36:03
000629,*ST钒钛,0.000,3.070,0.000,0.000,0.000,0.000,0.000,0,0.000,0,0.000,0,0.000,0,0.000,0,0.000,0,0.000,0,0.000,0,0.000,0,0.000,0,0.000,0,0.000,2017-05-04,16:35:03
000630,铜陵有色,2.700,2.700,2.700,2.700,2.680,2.690,2.700,32916942,88592026.370,2421944,2.690,4179539,2.680,1930600,2.670,942200,2.660,1187600,2.650,2422515,2.700,4502500,2.710,2999900,2.720,2752300,2.730,2717059,2.740,2017-06-06,15:36:03
000631,顺发恒业,4.280,4.280,4.300,4.320,4.240,4.300,4.310,3868694,16585609.450,228628,4.300,5700,4.290,43400,4.280,116192,4.270,55100,4.260,109296,4.310,213380,4.320,150449,4.330,264700,4.340,477800,4.350,2017-06-06,15:36:03
000632,三木集团,5.960,5.960,6.070,6.070,5.940,6.060,6.070,4080460,24600618.200,6700,6.060,44500,6.050,32700,6.040,47600,6.030,57000,6.020,30700,6.070,136900,6.080,122700,6.090,173100,6.100,23600,6.110,2017-06-06,15:36:03
000633,合金投资,8.090,8.060,8.440,8.790,7.950,8.430,8.440,2850411,23717180.730,27600,8.430,8400,8.400,2600,8.380,2700,8.370,5500,8.360,116800,8.440,231100,8.450,7400,8.460,1500,8.470,8300,8.480,2017-06-06,15:36:03
000635,英 力 特,15.800,16.050,16.840,17.550,15.700,16.840,16.850,22710961,381540079.910,45500,16.840,4600,16.830,61500,16.820,7400,16.810,63700,16.800,54423,16.850,35602,16.860,40100,16.870,47200,16.880,22600,16.890,2017-06-06,15:36:03
000636,风华高科,7.730,7.730,7.770,7.820,7.670,7.760,7.770,8309556,64450472.110,46968,7.760,36500,7.750,31200,7.740,51300,7.730,29100,7.720,89163,7.770,44400,7.780,15200,7.790,33200,7.800,7400,7.810,2017-06-06,15:36:03
000637,茂化实华,6.500,6.490,6.520,6.530,6.450,6.520,6.530,3420418,22237848.960,77158,6.520,72388,6.510,43595,6.500,77000,6.490,8700,6.480,79700,6.530,63500,6.540,60400,6.550,52900,6.560,72700,6.570,2017-06-06,15:36:03
000638,万方发展,13.550,12.850,14.140,14.140,12.950,14.140,0.000,54081248,744506992.720,1857290,14.140,44000,14.130,12700,14.120,1800,14.110,17900,14.100,0,0.000,0,0.000,0,0.000,0,0.000,0,0.000,2017-06-06,15:36:03
000639,西王食品,18.250,18.500,18.250,18.490,18.080,18.240,18.250,2121577,38699388.570,600,18.240,9900,18.220,23800,18.200,100,18.190,3000,18.180,7100,18.250,8100,18.260,3000,18.270,9300,18.280,17600,18.290,2017-06-06,15:36:03
000650,仁和药业,5.800,5.830,5.870,6.020,5.780,5.870,5.880,12134503,71522749.980,21350,5.870,86450,5.860,104300,5.850,38600,5.840,60900,5.830,56700,5.880,80300,5.890,39000,5.900,58200,5.910,105300,5.920,2017-06-06,15:36:03
000651,格力电器,33.270,33.270,34.260,34.300,33.270,34.250,34.260,79273316,2687060090.950,248500,34.250,13600,34.240,31800,34.230,19600,34.220,14200,34.210,484724,34.260,380900,34.270,592362,34.280,303075,34.290,1113780,34.300,2017-06-06,15:36:03
000652,泰达股份,5.430,5.470,5.380,5.430,5.350,5.380,5.390,17027784,91744559.860,148199,5.380,243176,5.370,174300,5.360,180691,5.350,243200,5.340,319000,5.390,131601,5.400,100400,5.410,81950,5.420,53300,5.430,2017-06-06,15:36:03
000655,金岭矿业,6.900,6.880,6.930,6.950,6.840,6.920,6.930,2506275,17306237.520,32800,6.920,39200,6.910,9600,6.900,39700,6.890,24899,6.880,60033,6.930,49300,6.940,81781,6.950,47800,6.960,26600,6.970,2017-06-06,15:36:03
000656,金科股份,0.000,6.540,0.000,0.000,0.000,0.000,0.000,0,0.000,0,0.000,0,0.000,0,0.000,0,0.000,0,0.000,0,0.000,0,0.000,0,0.000,0,0.000,0,0.000,2017-06-06,15:36:03
000657,中钨高新,11.700,11.780,11.750,11.840,11.700,11.750,11.760,2074600,24402602.290,59600,11.750,23100,11.740,17200,11.730,8800,11.720,21700,11.710,17399,11.760,30000,11.770,29800,11.780,12500,11.790,43500,11.800,2017-06-06,15:36:03
000659,*ST中富,3.970,3.990,4.070,4.160,3.970,4.070,4.080,23332239,95235847.760,218100,4.070,814098,4.060,237400,4.050,130700,4.040,115400,4.030,285600,4.080,569600,4.090,192200,4.100,432900,4.110,22800,4.120,2017-06-06,15:36:03
000661,长春高新,113.870,113.870,115.850,115.850,113.200,115.850,115.860,1168509,134179124.570,16700,115.850,800,115.810,7400,115.800,300,115.790,200,115.780,100,115.860,100,115.870,2500,115.880,1300,115.900,600,115.950,2017-06-06,15:36:03
000662,天夏智慧,0.000,16.050,0.000,0.000,0.000,0.000,0.000,0,0.000,0,0.000,0,0.000,0,0.000,0,0.000,0,0.000,0,0.000,0,0.000,0,0.000,0,0.000,0,0.000,2017-06-06,15:36:03
000663,永安林业,12.190,12.150,12.210,12.280,12.140,12.210,12.220,1674542,20435381.760,17929,12.210,13300,12.200,16500,12.190,6200,12.180,1400,12.170,47412,12.220,19200,12.230,37100,12.240,17900,12.250,9100,12.260,2017-06-06,15:36:03
000665,湖北广电,11.660,11.680,11.750,11.860,11.610,11.740,11.750,3785309,44533356.820,3000,11.740,7500,11.730,4000,11.720,10800,11.710,12000,11.700,28500,11.750,17400,11.760,20500,11.770,25500,11.780,21800,11.790,2017-06-06,15:36:03
000666,经纬纺机,19.850,19.830,19.920,19.960,19.670,19.910,19.920,3606728,71547202.160,2800,19.910,4000,19.900,1000,19.890,2300,19.880,1000,19.870,5000,19.920,26100,19.930,5100,19.940,53039,19.950,11800,19.960,2017-06-06,15:36:03
000667,美好置业,3.490,3.530,3.440,3.520,3.390,3.440,3.450,80317240,276357023.870,549875,3.440,474900,3.430,588000,3.420,303900,3.410,457853,3.400,513497,3.450,459000,3.460,232200,3.470,225500,3.480,299300,3.490,2017-06-06,15:36:03
000668,荣丰控股,15.660,15.640,15.650,15.760,15.530,15.650,15.660,466273,7282552.680,18100,15.650,1600,15.620,6300,15.600,200,15.590,1000,15.580,5000,15.660,3300,15.670,5000,15.680,254,15.700,3200,15.760,2017-06-06,15:36:03
000669,金鸿能源,15.860,15.880,15.550,15.880,15.430,15.540,15.550,5615490,87680811.100,16600,15.540,1000,15.530,2100,15.520,34000,15.510,20200,15.500,31410,15.550,24615,15.560,6000,15.570,16100,15.580,5200,15.590,2017-06-06,15:36:03
000670,盈方微,4.730,4.700,5.170,5.170,4.680,5.170,0.000,13895079,68716969.910,5936520,5.170,25600,5.160,1900,5.150,12300,5.140,18100,5.130,0,0.000,0,0.000,0,0.000,0,0.000,0,0.000,2017-06-06,15:36:03
000671,阳 光 城,5.850,5.910,5.930,5.950,5.800,5.920,5.930,29088063,171835591.030,107200,5.920,388875,5.910,36000,5.900,23300,5.890,170325,5.880,44002,5.930,193471,5.940,982800,5.950,498600,5.960,385000,5.970,2017-06-06,15:36:03
000672,上峰水泥,8.350,8.030,8.080,8.350,8.030,8.070,8.080,38993021,319149182.580,452100,8.070,240214,8.060,232200,8.050,64400,8.040,180500,8.030,348300,8.080,67300,8.090,135600,8.100,16000,8.110,40700,8.120,2017-06-06,15:36:03
000673,当代东方,0.000,13.530,0.000,0.000,0.000,0.000,0.000,0,0.000,0,0.000,0,0.000,0,0.000,0,0.000,0,0.000,0,0.000,0,0.000,0,0.000,0,0.000,0,0.000,2017-06-06,15:36:03
000676,智度股份,15.100,15.100,15.090,15.160,14.970,15.090,15.100,1521052,22933757.280,13338,15.090,23600,15.080,5700,15.070,7700,15.060,12700,15.050,5600,15.100,3700,15.110,11700,15.120,5200,15.130,10300,15.140,2017-06-06,15:36:03
000677,恒天海龙,4.710,4.730,4.790,4.790,4.690,4.790,4.800,2741167,13029314.830,43100,4.790,220200,4.780,84000,4.770,100200,4.760,21474,4.750,69300,4.800,12400,4.810,16100,4.820,58100,4.830,41900,4.840,2017-06-06,15:36:03
000678,襄阳轴承,7.610,7.690,7.780,7.880,7.610,7.770,7.780,3435790,26710355.990,64000,7.770,15100,7.760,16900,7.750,4000,7.740,44000,7.730,41068,7.780,221801,7.790,45700,7.800,22101,7.810,18000,7.820,2017-06-06,15:36:03
000679,大连友谊,9.580,9.540,9.630,9.690,9.510,9.620,9.630,1591414,15280033.090,17739,9.620,21000,9.610,15900,9.600,1000,9.590,2900,9.580,3000,9.630,49600,9.640,2500,9.650,43100,9.660,13600,9.670,2017-06-06,15:36:03
000680,山推股份,5.190,5.190,5.230,5.230,5.140,5.220,5.230,9696801,50422093.740,63749,5.220,368973,5.210,156300,5.200,84200,5.190,70500,5.180,318800,5.230,383983,5.240,225600,5.250,179600,5.260,119000,5.270,2017-06-06,15:36:03
000681,视觉中国,16.090,16.120,15.990,16.090,15.760,15.980,15.990,1343653,21429085.220,4600,15.980,25500,15.970,400,15.960,10487,15.950,6800,15.940,7100,15.990,32510,16.000,16818,16.010,21200,16.020,32300,16.030,2017-06-06,15:36:03
000682,东方电子,0.000,5.200,0.000,0.000,0.000,0.000,0.000,0,0.000,0,0.000,0,0.000,0,0.000,0,0.000,0,0.000,0,0.000,0,0.000,0,0.000,0,0.000,0,0.000,2017-06-06,15:36:03
000683,远兴能源,2.610,2.610,2.620,2.620,2.590,2.610,2.620,11401605,29753617.230,1238677,2.610,986218,2.600,1315200,2.590,803700,2.580,349000,2.570,1589380,2.620,2028895,2.630,1054300,2.640,1392600,2.650,690800,2.660,2017-06-06,15:36:03
000685,中山公用,10.670,10.680,10.610,10.680,10.560,10.610,10.620,5194853,55111433.350,72600,10.610,33300,10.600,24940,10.590,44800,10.580,39000,10.570,16360,10.620,16200,10.630,13000,10.640,27100,10.650,33190,10.660,2017-06-06,15:36:03
000686,东北证券,9.580,9.610,9.710,9.710,9.570,9.710,9.720,11946676,115256203.670,170232,9.710,65700,9.700,16527,9.690,82900,9.680,600,9.670,135100,9.720,69100,9.730,135900,9.740,109200,9.750,66500,9.760,2017-06-06,15:36:03
000687,华讯方舟,15.190,15.350,15.640,15.690,15.000,15.630,15.640,11137145,173123562.110,94600,15.630,9800,15.620,21100,15.610,40900,15.600,16500,15.590,400,15.640,42500,15.650,35700,15.660,22000,15.670,71100,15.680,2017-06-06,15:36:03
000688,建新矿业,6.960,6.970,7.010,7.030,6.940,7.000,7.010,3237930,22629627.830,17700,7.000,31510,6.990,24600,6.980,19100,6.970,29900,6.960,121543,7.010,38200,7.020,24273,7.030,29500,7.040,37000,7.050,2017-06-06,15:36:03
000690,宝新能源,5.730,5.730,5.680,5.750,5.670,5.680,5.700,7552894,43025859.640,1147853,5.680,331280,5.670,75100,5.660,125100,5.650,13300,5.640,385300,5.700,97291,5.710,158500,5.720,81100,5.730,27500,5.740,2017-06-06,15:36:03
000691,ST亚太,6.350,6.380,6.450,6.520,6.330,6.450,6.460,1131001,7279674.450,4400,6.450,11300,6.440,2500,6.430,6100,6.420,31600,6.410,3000,6.460,11300,6.470,124900,6.480,2600,6.490,30400,6.500,2017-06-06,15:36:03
000692,惠天热电,6.390,6.470,6.490,6.500,6.390,6.490,6.500,2136865,13806354.730,500,6.490,15684,6.480,111000,6.470,220400,6.460,20500,6.450,134900,6.500,36200,6.510,30500,6.520,15200,6.530,1500,6.540,2017-06-06,15:36:03
000693,*ST华泽,0.000,12.500,0.000,0.000,0.000,0.000,0.000,0,0.000,0,0.000,0,0.000,0,0.000,0,0.000,0,0.000,0,0.000,0,0.000,0,0.000,0,0.000,0,0.000,2017-06-06,15:36:03
000695,滨海能源,11.330,11.320,11.330,11.400,11.230,11.330,11.340,765442,8644758.110,6900,11.330,21000,11.320,29800,11.310,21100,11.300,4200,11.290,5600,11.340,8100,11.350,5200,11.360,12900,11.370,8711,11.380,2017-06-06,15:36:03
000697,炼石有色,20.910,20.720,20.990,21.080,20.730,20.990,21.000,4343476,90934593.730,33451,20.990,100,20.980,84400,20.880,8300,20.870,1000,20.850,52400,21.000,14100,21.010,6200,21.030,10100,21.040,34800,21.050,2017-06-06,15:36:03
000698,沈阳化工,6.110,6.100,6.180,6.200,6.100,6.170,6.180,5897202,36291078.050,25200,6.170,47800,6.160,43300,6.150,73900,6.140,128753,6.130,142700,6.180,109900,6.190,151550,6.200,48717,6.210,42600,6.220,2017-06-06,15:36:03
000700,模塑科技,6.680,6.690,6.720,6.740,6.670,6.710,6.720,2212463,14837455.380,31894,6.710,11550,6.700,10200,6.690,39800,6.680,88300,6.670,23100,6.720,49178,6.730,67600,6.740,63300,6.750,65800,6.760,2017-06-06,15:36:03
000701,厦门信达,11.950,12.000,12.030,12.090,11.890,12.030,12.040,2982591,35768734.960,33900,12.030,89300,12.020,20100,12.010,20200,12.000,11200,11.990,11400,12.040,6100,12.050,17100,12.060,33900,12.070,50400,12.080,2017-06-06,15:36:03
000702,正虹科技,12.310,12.310,12.280,12.470,12.000,12.280,12.300,13521524,165378945.590,161498,12.280,10000,12.270,17400,12.260,10100,12.250,6000,12.240,13200,12.300,23000,12.310,8400,12.320,78700,12.330,3100,12.340,2017-06-06,15:36:03
000703,恒逸石化,13.340,13.340,13.380,13.460,13.170,13.370,13.380,2825216,37658849.820,9400,13.370,24200,13.360,4600,13.350,5076,13.330,100,13.320,10900,13.380,31900,13.390,7000,13.400,108569,13.410,8200,13.420,2017-06-06,15:36:03
000705,浙江震元,9.870,9.930,10.010,10.010,9.870,10.000,10.010,1809165,18024719.720,21500,10.000,12800,9.990,11100,9.980,15200,9.970,17300,9.950,12928,10.010,13200,10.020,15900,10.030,15600,10.040,52300,10.050,2017-06-06,15:36:03
000707,双环科技,6.100,6.100,6.190,6.250,6.060,6.180,6.190,3530701,21755298.160,9500,6.180,15000,6.170,16100,6.160,34400,6.150,123319,6.140,55200,6.190,161205,6.200,61700,6.210,148800,6.220,35300,6.230,2017-06-06,15:36:03
000708,大冶特钢,11.180,11.170,11.190,11.220,11.120,11.190,11.200,1146423,12806323.220,6500,11.190,29632,11.180,15600,11.170,41000,11.160,21800,11.150,138500,11.200,16300,11.210,41901,11.220,3000,11.230,11300,11.240,2017-06-06,15:36:03
000709,河钢股份,4.280,4.300,4.290,4.310,4.250,4.290,4.300,121025168,518132750.880,250340,4.290,1560034,4.280,1811700,4.270,1254407,4.260,2609704,4.250,3054729,4.300,1752540,4.310,1378000,4.320,1286053,4.330,1674201,4.340,2017-06-06,15:36:03
000710,*ST天仪,65.530,65.990,63.120,65.860,62.860,63.120,63.130,1766015,113133638.390,10900,63.120,1600,63.110,1600,63.100,600,63.060,1600,63.050,2020,63.130,600,63.490,600,63.500,300,63.530,300,63.540,2017-06-06,15:36:03
000711,京蓝科技,15.900,15.590,15.350,15.980,15.230,15.350,15.360,6117031,95445895.350,14900,15.350,15800,15.340,800,15.330,5300,15.320,3800,15.310,1000,15.360,1000,15.380,3100,15.390,13000,15.400,2000,15.420,2017-06-06,15:36:03
000712,锦龙股份,15.280,15.260,15.360,15.370,15.170,15.350,15.360,8244214,126019455.720,58100,15.350,31100,15.340,15100,15.330,11000,15.320,40298,15.310,81320,15.360,54100,15.370,93162,15.380,189200,15.390,194583,15.400,2017-06-06,15:36:03
000713,丰乐种业,7.910,7.930,7.960,7.970,7.850,7.960,7.970,1587956,12563714.230,8000,7.960,10000,7.950,31900,7.940,40300,7.930,21600,7.920,8500,7.970,23900,7.980,9800,7.990,11200,8.000,200,8.010,2017-06-06,15:36:03
000715,中兴商业,11.700,11.940,11.480,11.710,11.410,11.470,11.480,5912985,68379390.000,5300,11.470,15565,11.460,41965,11.450,2200,11.440,40571,11.430,25000,11.480,6500,11.490,14200,11.500,1100,11.510,2100,11.520,2017-06-06,15:36:03
000716,黑芝麻,0.000,8.060,0.000,0.000,0.000,0.000,0.000,0,0.000,0,0.000,0,0.000,0,0.000,0,0.000,0,0.000,0,0.000,0,0.000,0,0.000,0,0.000,0,0.000,2017-06-06,15:36:03
000717,韶钢松山,4.650,4.660,4.640,4.650,4.600,4.640,4.650,3105576,14376114.460,24200,4.640,76566,4.630,161058,4.620,208000,4.610,281400,4.600,96800,4.650,65400,4.660,59600,4.670,55200,4.680,80200,4.690,2017-06-06,15:36:03
000718,苏宁环球,5.950,5.940,5.990,6.030,5.910,5.990,6.000,7323640,43810737.840,41570,5.990,455700,5.980,87400,5.970,10100,5.960,25700,5.950,204300,6.000,60854,6.010,133502,6.020,116700,6.030,146400,6.040,2017-06-06,15:36:03
000719,大地传媒,9.970,9.970,9.960,9.980,9.860,9.950,9.960,1791062,17755395.710,3400,9.950,7800,9.940,34400,9.930,5000,9.910,7491,9.900,34600,9.960,3100,9.970,11400,9.980,27355,9.990,15750,10.000,2017-06-06,15:36:03
000720,新能泰山,0.000,4.670,0.000,0.000,0.000,0.000,0.000,0,0.000,0,0.000,0,0.000,0,0.000,0,0.000,0,0.000,0,0.000,0,0.000,0,0.000,0,0.000,0,0.000,2017-06-06,15:36:03
000721,西安饮食,6.770,6.770,6.960,6.970,6.720,6.960,6.970,9914874,68134472.450,169104,6.960,69601,6.950,85300,6.940,200500,6.930,51600,6.920,68000,6.970,88900,6.980,89500,6.990,163300,7.000,21000,7.010,2017-06-06,15:36:03
000722,湖南发展,12.250,12.230,12.230,12.250,12.130,12.220,12.230,1377120,16778250.020,6400,12.220,59700,12.210,17800,12.200,4300,12.190,33599,12.180,24417,12.230,33516,12.240,108454,12.250,41300,12.260,10500,12.270,2017-06-06,15:36:03
000723,美锦能源,12.600,12.590,12.610,12.670,12.530,12.600,12.610,10063138,126555783.980,35146,12.600,26700,12.590,23100,12.580,30232,12.570,11200,12.560,26100,12.610,5300,12.620,11000,12.630,2900,12.640,18700,12.650,2017-06-06,15:36:03
000725,京东方Ａ,3.880,3.890,3.850,3.890,3.810,3.850,3.860,261593935,1005862801.270,1531135,3.850,3922099,3.840,4918200,3.830,8021435,3.820,10212693,3.810,3167862,3.860,2627676,3.870,4792220,3.880,6434800,3.890,4297921,3.900,2017-06-06,15:36:03
000726,鲁 泰Ａ,12.180,12.140,12.180,12.260,12.120,12.180,12.190,4864640,59307014.660,32900,12.180,17200,12.170,35850,12.160,44529,12.150,23084,12.140,7200,12.190,13600,12.200,11900,12.210,43400,12.220,41700,12.230,2017-06-06,15:36:03
000727,华东科技,2.770,2.770,2.790,2.790,2.750,2.780,2.790,19091618,53011877.830,517600,2.780,953754,2.770,857100,2.760,994500,2.750,213600,2.740,2042200,2.790,2002700,2.800,987900,2.810,1104600,2.820,842600,2.830,2017-06-06,15:36:03
000728,国元证券,12.260,12.300,12.390,12.660,12.180,12.390,12.400,40769114,506091060.370,311400,12.390,68950,12.380,155550,12.370,54550,12.360,26489,12.350,170050,12.400,105300,12.410,74700,12.420,24800,12.430,10700,12.440,2017-06-06,15:36:03
000729,燕京啤酒,6.410,6.430,6.400,6.460,6.380,6.400,6.410,7449778,47758752.410,124300,6.400,232222,6.390,86300,6.380,91600,6.370,96200,6.360,47400,6.410,144000,6.420,144801,6.430,127701,6.440,252700,6.450,2017-06-06,15:36:03
000731,四川美丰,7.100,7.120,7.150,7.160,7.080,7.150,7.160,4613534,32838389.920,28575,7.150,52994,7.140,22000,7.130,39600,7.120,69000,7.110,72700,7.160,34200,7.170,49600,7.180,61100,7.190,49600,7.200,2017-06-06,15:36:03
000732,泰禾集团,16.340,16.440,16.470,16.540,16.340,16.460,16.470,1646058,27101836.960,5200,16.460,6700,16.450,17211,16.440,7089,16.430,3800,16.420,4100,16.470,2000,16.480,42837,16.490,46600,16.500,9200,16.510,2017-06-06,15:36:03
000733,振华科技,15.100,15.210,15.310,15.350,15.000,15.310,15.320,2125253,32432074.890,447,15.310,2300,15.300,4000,15.290,13500,15.280,600,15.270,12000,15.320,17800,15.330,23000,15.340,15100,15.350,12300,15.360,2017-06-06,15:36:03
000735,罗 牛 山,6.030,6.040,6.060,6.070,5.990,6.060,6.070,4448893,26808049.700,66600,6.060,46100,6.050,21600,6.040,70300,6.030,75700,6.020,285490,6.070,140100,6.080,158800,6.090,133100,6.100,172800,6.110,2017-06-06,15:36:03
000736,中房地产,14.300,14.270,14.120,14.460,14.030,14.120,14.130,3743549,53411858.840,25800,14.120,21200,14.110,19800,14.100,6200,14.090,17100,14.080,11900,14.130,10000,14.140,8100,14.150,5100,14.180,300,14.190,2017-06-06,15:36:03
000737,南风化工,5.250,5.280,5.360,5.370,5.180,5.350,5.360,3562377,18858125.050,74000,5.350,7500,5.340,18400,5.330,21700,5.320,28700,5.310,33000,5.360,125289,5.370,50900,5.380,35710,5.390,61100,5.400,2017-06-06,15:36:03
000738,航发控制,18.730,18.560,19.150,19.500,18.600,19.150,19.160,9118890,174833345.540,33500,19.150,23087,19.140,9700,19.130,6400,19.120,6500,19.100,26300,19.160,11200,19.170,22400,19.180,14800,19.190,27600,19.200,2017-06-06,15:36:03
000739,普洛药业,7.540,7.550,7.530,7.580,7.410,7.520,7.530,4009351,30034653.640,29300,7.520,71300,7.510,139300,7.500,4000,7.480,4400,7.470,3900,7.530,42200,7.540,58940,7.550,100800,7.560,81500,7.570,2017-06-06,15:36:03
000748,长城信息,0.000,20.310,0.000,0.000,0.000,0.000,0.000,0,0.000,0,0.000,0,0.000,0,0.000,0,0.000,0,0.000,0,0.000,0,0.000,0,0.000,0,0.000,0,0.000,2017-01-17,16:36:03
000750,国海证券,5.380,5.390,5.440,5.440,5.370,5.430,5.440,16505026,89309063.530,61000,5.430,94850,5.420,300677,5.410,179000,5.400,318748,5.390,250250,5.440,385545,5.450,327050,5.460,99100,5.470,211700,5.480,2017-06-06,15:36:03
000751,锌业股份,4.560,4.560,4.590,4.590,4.530,4.580,4.590,6346897,28937520.800,123240,4.580,257200,4.570,180250,4.560,68300,4.550,136000,4.540,183600,4.590,437720,4.600,171800,4.610,111800,4.620,180500,4.630,2017-06-06,15:36:03
000752,西藏发展,11.670,11.750,11.870,11.900,11.650,11.830,11.870,2078901,24514337.170,100,11.830,1000,11.820,3600,11.810,7300,11.800,41100,11.790,296,11.870,31400,11.880,8100,11.890,41900,11.900,29200,11.910,2017-06-06,15:36:03
000753,漳州发展,4.450,4.440,4.470,4.470,4.420,4.460,4.470,4697062,20898437.840,9200,4.460,55600,4.450,101600,4.440,132500,4.430,141100,4.420,46963,4.470,121100,4.480,121600,4.490,167037,4.500,55100,4.510,2017-06-06,15:36:03
000755,*ST三维,0.000,6.750,0.000,0.000,0.000,0.000,0.000,0,0.000,0,0.000,0,0.000,0,0.000,0,0.000,0,0.000,0,0.000,0,0.000,0,0.000,0,0.000,0,0.000,2017-06-06,15:36:03
000756,新华制药,12.990,12.990,13.330,13.330,12.930,13.330,13.340,2852862,37682066.210,16696,13.330,2100,13.320,2600,13.310,2705,13.300,200,13.290,24100,13.340,80100,13.350,3300,13.360,13100,13.370,7800,13.380,2017-06-06,15:36:03
000757,浩物股份,6.870,6.870,6.890,6.950,6.830,6.880,6.890,2354813,16216002.370,5800,6.880,7200,6.870,16800,6.860,35200,6.850,15300,6.840,16700,6.890,18300,6.900,6915,6.910,7400,6.920,6700,6.930,2017-06-06,15:36:03
000758,中色股份,6.420,6.460,6.510,6.520,6.420,6.500,6.510,8603062,55641118.490,196900,6.500,131900,6.490,8900,6.480,36600,6.470,101588,6.460,9200,6.510,319332,6.520,209200,6.530,62600,6.540,142500,6.550,2017-06-06,15:36:03
000759,中百集团,7.900,8.000,7.960,8.030,7.890,7.960,7.970,2862830,22769368.930,18656,7.960,41400,7.950,11015,7.940,13000,7.930,16700,7.920,8900,7.970,12618,7.980,35100,7.990,29692,8.000,8365,8.010,2017-06-06,15:36:03
000760,斯太尔,7.720,7.890,7.830,7.850,7.660,7.830,7.840,3390954,26323736.580,31700,7.830,1400,7.820,4000,7.810,16100,7.800,38900,7.790,12400,7.840,22300,7.850,26800,7.860,37100,7.870,21200,7.880,2017-06-06,15:36:03
000761,本钢板材,4.700,4.700,4.760,4.770,4.670,4.760,4.770,7697002,36363501.190,14664,4.760,67500,4.750,26100,4.740,18500,4.730,53319,4.720,141800,4.770,80400,4.780,135600,4.790,90200,4.800,22100,4.810,2017-06-06,15:36:03
000762,西藏矿业,13.180,13.150,13.130,13.180,12.980,13.130,13.140,2759171,36084722.430,43100,13.130,17000,13.120,61002,13.110,7000,13.100,1100,13.090,15400,13.140,35001,13.150,68232,13.160,12000,13.170,14400,13.180,2017-06-06,15:36:03
000766,通化金马,17.000,17.020,17.030,17.080,16.600,17.020,17.030,3825688,64878840.600,1290,17.020,5780,16.990,17900,16.980,15300,16.970,9700,16.960,46890,17.030,3000,17.040,16400,17.050,4900,17.060,2300,17.070,2017-06-06,15:36:03
000767,漳泽电力,3.410,3.430,3.420,3.430,3.380,3.420,3.430,4955510,16897711.000,22500,3.420,326800,3.410,159500,3.400,231200,3.390,290700,3.380,281400,3.430,215700,3.440,451900,3.450,277553,3.460,111500,3.470,2017-06-06,15:36:03
000768,中航飞机,17.570,17.550,17.950,18.120,17.500,17.940,17.950,23968405,429337071.550,168300,17.940,51800,17.930,22100,17.920,9600,17.910,32100,17.900,30500,17.950,55600,17.960,62130,17.970,94000,17.980,110755,17.990,2017-06-06,15:36:03
000776,广发证券,16.500,16.500,16.550,16.630,16.450,16.540,16.550,15382697,254403521.340,69500,16.540,107700,16.530,70859,16.520,11900,16.510,33456,16.500,92300,16.550,60740,16.560,62400,16.570,151500,16.580,51600,16.590,2017-06-06,15:36:03
000777,中核科技,19.900,20.050,20.150,20.210,19.900,20.140,20.150,2274844,45666392.590,11200,20.140,31300,20.130,700,20.120,19785,20.110,5700,20.100,75800,20.150,16000,20.160,2300,20.170,16800,20.180,9200,20.190,2017-06-06,15:36:03
000778,新兴铸管,6.780,6.830,6.770,6.820,6.690,6.770,6.780,85240372,575293253.860,240788,6.770,673700,6.760,193800,6.750,136300,6.740,101100,6.730,318800,6.780,381300,6.790,553800,6.800,349000,6.810,544947,6.820,2017-06-06,15:36:03
000779,三毛派神,12.850,12.820,13.040,13.180,12.700,13.040,13.050,2214209,28714481.040,10300,13.040,8200,13.030,8400,13.010,9000,13.000,9900,12.990,6600,13.050,1500,13.060,2000,13.070,13800,13.080,10600,13.090,2017-06-06,15:36:03
000780,*ST平能,4.230,4.060,4.100,4.230,4.050,4.100,4.110,12072158,50000804.070,69642,4.100,123600,4.090,286500,4.080,56700,4.070,123400,4.060,53000,4.110,51800,4.120,51100,4.130,103200,4.140,225800,4.150,2017-06-06,15:36:03
000782,美达股份,8.770,8.810,8.920,8.950,8.730,8.910,8.920,2658025,23612025.500,7600,8.910,8600,8.900,2600,8.890,15900,8.880,12200,8.870,13300,8.920,30600,8.930,99800,8.940,47500,8.950,20600,8.960,2017-06-06,15:36:03
000783,长江证券,9.330,9.340,9.390,9.480,9.290,9.390,9.400,17825353,167576544.040,83198,9.390,69200,9.380,34955,9.370,40800,9.360,277187,9.350,114500,9.400,56000,9.410,54400,9.420,43500,9.430,89920,9.440,2017-06-06,15:36:03
000785,武汉中商,10.510,10.520,10.660,10.730,10.500,10.630,10.660,2308167,24517851.090,2900,10.630,57400,10.620,300,10.610,3500,10.600,10500,10.590,51857,10.660,22400,10.670,20296,10.680,27000,10.690,25600,10.700,2017-06-06,15:36:03
000786,北新建材,13.390,13.430,13.500,13.590,13.350,13.500,13.510,19600063,264338735.670,90107,13.500,24785,13.490,26100,13.480,37200,13.470,22600,13.460,4700,13.510,31000,13.520,39250,13.530,97300,13.540,176530,13.550,2017-06-06,15:36:03
000788,北大医药,11.670,11.750,11.360,11.730,11.150,11.360,11.370,9474455,107985978.620,12500,11.360,77000,11.350,16900,11.340,1800,11.320,11000,11.310,5700,11.370,12000,11.380,9300,11.390,6400,11.400,1000,11.410,2017-06-06,15:36:03
000789,万年青,6.800,6.840,6.890,6.900,6.770,6.880,6.890,9389188,64390342.790,81200,6.880,51800,6.870,120800,6.860,122200,6.850,109700,6.840,368436,6.890,287126,6.900,41000,6.910,75200,6.920,35600,6.930,2017-06-06,15:36:03
000790,泰合健康,8.810,8.740,8.860,8.870,8.710,8.850,8.860,2880525,25312023.500,29600,8.850,100,8.840,300,8.830,5000,8.820,34900,8.810,394396,8.860,11600,8.870,88200,8.880,28200,8.890,55700,8.900,2017-06-06,15:36:03
000791,甘肃电投,8.260,8.270,8.320,8.390,8.200,8.320,8.330,4504697,37362006.130,1300,8.320,5400,8.310,39400,8.300,9000,8.290,31500,8.280,49500,8.330,16200,8.340,57200,8.350,53800,8.360,21000,8.370,2017-06-06,15:36:03
000792,盐湖股份,14.160,14.160,14.250,14.270,14.120,14.250,14.260,4338126,61649787.660,80507,14.250,11000,14.240,3500,14.230,5000,14.220,17900,14.210,29600,14.260,103600,14.270,42500,14.280,14200,14.290,40000,14.300,2017-06-06,15:36:03
000793,华闻传媒,10.130,10.130,10.100,10.200,9.980,10.090,10.100,22898701,230606720.990,10200,10.090,4500,10.080,2600,10.060,200,10.050,7500,10.040,406900,10.100,230000,10.110,112100,10.120,474000,10.130,460700,10.140,2017-06-06,15:36:03
000795,英洛华,5.850,5.870,5.880,5.900,5.840,5.880,5.890,4902458,28775017.570,116799,5.880,107900,5.870,53108,5.860,65506,5.850,56300,5.840,130300,5.890,197000,5.900,43600,5.910,75400,5.920,49900,5.930,2017-06-06,15:36:03
000796,凯撒旅游,11.330,11.340,11.450,11.560,11.250,11.450,11.460,2348120,26913447.800,40557,11.450,14100,11.440,30600,11.430,9025,11.420,31100,11.410,54400,11.460,9200,11.470,5200,11.480,5400,11.490,6900,11.500,2017-06-06,15:36:03
000797,中国武夷,17.190,17.230,17.200,17.280,17.120,17.190,17.200,780917,13438822.260,5100,17.190,6990,17.180,4130,17.170,15200,17.160,7500,17.150,1900,17.200,48100,17.240,12527,17.250,11200,17.260,12500,17.270,2017-06-06,15:36:03
000798,中水渔业,8.450,8.460,8.480,8.520,8.380,8.470,8.480,1425901,12050058.490,23400,8.470,29100,8.460,2600,8.450,4200,8.440,10800,8.430,45219,8.480,15000,8.490,39035,8.500,25200,8.510,14700,8.520,2017-06-06,15:36:03
000799,酒鬼酒,16.970,16.980,17.150,17.170,16.850,17.150,17.160,2649901,45253290.780,27000,17.150,6900,17.140,13800,17.130,13400,17.120,7600,17.110,31240,17.160,19600,17.170,16400,17.180,7000,17.190,17400,17.200,2017-06-06,15:36:03
000800,一汽轿车,9.650,9.610,9.720,9.770,9.600,9.710,9.720,8827370,85561612.060,73100,9.710,76735,9.700,38700,9.690,100900,9.680,83018,9.670,79369,9.720,62900,9.730,79100,9.740,130546,9.750,104100,9.760,2017-06-06,15:36:03
000801,四川九洲,7.430,7.410,7.540,7.590,7.360,7.540,7.550,4438674,33367921.730,56000,7.540,2800,7.530,7100,7.520,24612,7.510,7600,7.500,19700,7.550,10500,7.560,43700,7.570,11500,7.580,47500,7.590,2017-06-06,15:36:03
000802,北京文化,14.240,14.250,14.310,14.350,13.850,14.310,14.320,1290291,18370363.660,52300,14.310,1900,14.300,2000,14.290,5000,14.280,2600,14.270,2500,14.320,1600,14.330,300,14.340,15400,14.350,18000,14.360,2017-06-06,15:36:03
000803,*ST金宇,22.310,22.310,22.500,22.960,21.920,22.500,22.510,521001,11774674.990,19449,22.500,500,22.450,800,22.440,3100,22.430,12700,22.420,1000,22.510,700,22.520,6000,22.550,8900,22.560,1200,22.600,2017-06-06,15:36:03
000806,银河生物,11.830,11.830,12.450,12.850,11.760,12.440,12.450,87827583,1072785515.690,502700,12.440,112400,12.430,99200,12.420,135100,12.410,146600,12.400,150961,12.450,88700,12.460,109100,12.470,111670,12.480,195215,12.490,2017-06-06,15:36:03
000807,云铝股份,6.310,6.320,6.360,6.360,6.260,6.350,6.360,11885114,75074939.820,213300,6.350,199702,6.340,263900,6.330,98600,6.320,69600,6.310,341600,6.360,127500,6.370,163600,6.380,213100,6.390,216000,6.400,2017-06-06,15:36:03
000809,*ST新城,3.910,3.920,3.950,3.960,3.900,3.940,3.950,3247735,12760912.390,101532,3.940,69800,3.930,22500,3.920,64300,3.910,215500,3.900,51500,3.950,175800,3.960,64900,3.970,87600,3.980,88000,3.990,2017-06-06,15:36:03
000810,创维数字,11.000,10.940,11.070,11.200,10.920,11.070,11.080,1752970,19388474.060,19361,11.070,8700,11.060,20100,11.050,11000,11.040,6100,11.030,23200,11.080,48500,11.090,29100,11.100,3700,11.110,2300,11.120,2017-06-06,15:36:03
000811,烟台冰轮,15.800,15.750,15.750,15.850,15.550,15.750,15.760,4037530,63318302.060,436,15.750,46900,15.740,18400,15.730,10320,15.720,9800,15.710,7700,15.760,1500,15.770,11300,15.780,19100,15.790,8900,15.800,2017-06-06,15:36:03
000812,陕西金叶,8.300,8.320,8.360,8.450,8.270,8.360,8.370,3718431,31056484.160,59000,8.360,2300,8.350,39600,8.340,17700,8.330,3500,8.320,12300,8.370,17900,8.380,15800,8.390,133500,8.400,17300,8.410,2017-06-06,15:36:03
000813,德展健康,7.940,7.930,7.930,7.980,7.820,7.930,7.940,1356355,10713466.500,5750,7.930,1200,7.920,8200,7.910,13500,7.900,11700,7.890,9150,7.940,21150,7.950,13000,7.960,47450,7.970,30500,7.980,2017-06-06,15:36:03
000815,美利云,13.250,13.250,13.300,13.340,13.070,13.290,13.300,1379159,18260429.830,8900,13.290,15300,13.280,12700,13.270,30000,13.240,6000,13.230,14600,13.300,10000,13.310,6500,13.320,14900,13.330,9600,13.340,2017-06-06,15:36:03
000816,智慧农业,7.290,7.320,7.590,7.680,7.250,7.580,7.590,24444604,184972073.040,90100,7.580,101300,7.570,136300,7.560,471600,7.550,53700,7.540,52200,7.590,304660,7.600,189520,7.610,137800,7.620,139200,7.630,2017-06-06,15:36:03
000818,方大化工,10.820,10.810,10.780,10.850,10.730,10.780,10.790,1591919,17197441.820,16681,10.780,45200,10.770,35700,10.760,27300,10.750,2400,10.740,300,10.790,11500,10.800,17400,10.810,30800,10.820,64300,10.830,2017-06-06,15:36:03
000819,岳阳兴长,15.950,15.800,15.610,15.980,15.400,15.600,15.610,1799102,28186391.940,28155,15.600,1600,15.580,2600,15.570,8395,15.560,8100,15.550,3285,15.610,5960,15.620,675,15.630,5190,15.640,6985,15.650,2017-06-06,15:36:03
000820,神雾节能,36.100,36.040,36.170,36.960,35.880,36.170,36.180,5263771,191464951.950,68800,36.170,5900,36.150,500,36.130,10000,36.120,2400,36.110,800,36.180,5600,36.190,12778,36.200,400,36.210,5200,36.220,2017-06-06,15:36:03
000821,京山轻机,0.000,16.240,0.000,0.000,0.000,0.000,0.000,0,0.000,0,0.000,0,0.000,0,0.000,0,0.000,0,0.000,0,0.000,0,0.000,0,0.000,0,0.000,0,0.000,2017-06-06,15:36:03
000822,山东海化,6.890,6.880,6.930,6.950,6.860,6.920,6.930,7175277,49598051.640,121500,6.920,82900,6.910,38700,6.900,17200,6.890,144150,6.880,163000,6.930,157463,6.940,332201,6.950,85574,6.960,73700,6.970,2017-06-06,15:36:03
000823,超声电子,13.250,13.200,13.200,13.340,13.060,13.200,13.210,6432213,84922259.110,17600,13.200,51800,13.190,18600,13.180,39100,13.170,7100,13.160,35000,13.210,10000,13.220,25000,13.230,34800,13.240,51400,13.250,2017-06-06,15:36:03
000825,太钢不锈,3.990,4.000,4.050,4.070,3.980,4.040,4.050,23602143,94968168.880,121800,4.040,898169,4.030,529100,4.020,491000,4.010,1892944,4.000,346657,4.050,940724,4.060,1121400,4.070,946900,4.080,726500,4.090,2017-06-06,15:36:03
000826,启迪桑德,32.600,32.650,32.600,32.700,32.320,32.590,32.600,2828001,91982168.230,7900,32.590,300,32.580,900,32.570,1200,32.560,2200,32.550,30800,32.600,500,32.610,12359,32.620,5400,32.630,6622,32.640,2017-06-06,15:36:03
000828,东莞控股,11.860,11.860,11.890,11.960,11.770,11.890,11.900,4591100,54462241.000,32200,11.890,13000,11.880,6200,11.870,70000,11.860,7500,11.850,153900,11.900,60900,11.910,65500,11.920,25600,11.930,62900,11.940,2017-06-06,15:36:03
000829,天音控股,10.110,10.110,10.150,10.220,10.060,10.140,10.150,3101782,31517105.150,17300,10.140,12300,10.130,26000,10.120,34475,10.110,42805,10.100,1300,10.150,9500,10.160,6700,10.170,35690,10.180,12800,10.190,2017-06-06,15:36:03
000830,鲁西化工,6.010,6.030,6.040,6.060,6.010,6.030,6.040,11245594,67830624.960,195451,6.030,261000,6.020,244277,6.010,405500,6.000,70800,5.990,98937,6.040,336450,6.050,280800,6.060,193000,6.070,162400,6.080,2017-06-06,15:36:03
000831,五矿稀土,10.120,10.120,10.200,10.250,10.060,10.200,10.210,5848512,59378016.430,61400,10.200,38900,10.190,3900,10.180,12800,10.170,18000,10.160,22100,10.210,35000,10.220,34900,10.230,39600,10.240,31600,10.250,2017-06-06,15:36:03
000833,贵糖股份,6.990,7.010,7.030,7.080,6.960,7.020,7.030,2586800,18164613.600,50000,7.020,71000,7.010,13900,7.000,48300,6.990,19400,6.980,3500,7.030,23800,7.040,11600,7.050,41600,7.060,100525,7.070,2017-06-06,15:36:03
000835,长城动漫,9.670,9.710,9.700,9.750,9.550,9.700,9.710,3774444,36451262.480,61800,9.700,154000,9.690,24300,9.680,1600,9.670,4100,9.660,72000,9.710,11300,9.720,90600,9.730,84600,9.740,100600,9.750,2017-06-06,15:36:03
000836,鑫茂科技,0.000,6.050,0.000,0.000,0.000,0.000,0.000,0,0.000,0,0.000,0,0.000,0,0.000,0,0.000,0,0.000,0,0.000,0,0.000,0,0.000,0,0.000,0,0.000,2017-06-06,15:36:03
000837,秦川机床,6.970,7.000,7.070,7.070,6.970,7.070,7.080,4543863,31985167.410,12637,7.070,34100,7.060,33900,7.050,23100,7.040,24000,7.030,112800,7.080,53600,7.090,73300,7.100,42300,7.110,38200,7.120,2017-06-06,15:36:03
000838,财信发展,0.000,6.590,0.000,0.000,0.000,0.000,0.000,0,0.000,0,0.000,0,0.000,0,0.000,0,0.000,0,0.000,0,0.000,0,0.000,0,0.000,0,0.000,0,0.000,2017-06-06,15:36:03
000839,中信国安,8.840,8.860,9.050,9.180,8.800,9.040,9.050,78960188,713934872.360,332400,9.040,503507,9.030,273800,9.020,247630,9.010,566780,9.000,452350,9.050,357200,9.060,246600,9.070,419050,9.080,396300,9.090,2017-06-06,15:36:03
000848,承德露露,10.120,10.060,10.140,10.170,10.060,10.130,10.140,7883592,79741297.260,49215,10.130,9300,10.120,8500,10.110,28400,10.100,17400,10.090,630,10.140,163700,10.150,45600,10.160,115200,10.170,118750,10.180,2017-06-06,15:36:03
000850,华茂股份,5.140,5.130,5.160,5.170,5.110,5.160,5.170,2225938,11447776.610,86100,5.160,62171,5.150,30191,5.140,85100,5.130,23500,5.120,93564,5.170,44100,5.180,41300,5.190,113557,5.200,22000,5.210,2017-06-06,15:36:03
000851,高鸿股份,8.870,8.870,8.880,8.950,8.790,8.870,8.880,4364873,38609964.610,76300,8.870,37500,8.860,30099,8.850,5200,8.840,17700,8.830,107600,8.880,23600,8.890,49700,8.900,14300,8.910,30200,8.920,2017-06-06,15:36:03
000852,石化机械,16.250,16.780,15.910,16.250,15.510,15.910,15.920,60088252,956497991.560,370900,15.910,73200,15.900,24400,15.890,31900,15.880,53300,15.870,15400,15.920,39800,15.930,7200,15.940,22300,15.950,20200,15.960,2017-06-06,15:36:03
000856,冀东装备,31.820,32.300,33.510,35.000,31.320,33.500,33.510,51424490,1718821940.690,57600,33.500,12100,33.490,19700,33.480,4200,33.470,6300,33.460,211409,33.510,112800,33.520,29600,33.530,8200,33.540,28400,33.550,2017-06-06,15:36:03
000858,五 粮 液,47.090,47.090,48.510,48.600,47.000,48.510,48.520,18703696,894954698.960,13506,48.510,40800,48.500,400,48.490,15400,48.480,8700,48.470,7700,48.520,9500,48.530,17300,48.540,36200,48.550,30400,48.560,2017-06-06,15:36:03
000859,国风塑业,4.650,4.680,4.740,4.740,4.650,4.730,4.740,5317605,24989721.020,18600,4.730,66600,4.720,30700,4.710,250500,4.700,39900,4.690,123500,4.740,157200,4.750,39400,4.760,32300,4.770,49000,4.780,2017-06-06,15:36:03
000860,顺鑫农业,18.690,18.690,18.900,18.950,18.680,18.900,18.920,3042043,57318739.430,24510,18.900,1400,18.890,3100,18.880,1700,18.870,1000,18.850,14600,18.920,4800,18.930,21600,18.940,77200,18.950,11500,18.960,2017-06-06,15:36:03
000861,海印股份,3.620,3.620,3.680,3.720,3.600,3.680,3.690,7349848,26944886.290,33200,3.680,96140,3.670,128667,3.660,158400,3.650,79000,3.640,290900,3.690,297400,3.700,133500,3.710,164800,3.720,97590,3.730,2017-06-06,15:36:03
000862,银星能源,0.000,7.900,0.000,0.000,0.000,0.000,0.000,0,0.000,0,0.000,0,0.000,0,0.000,0,0.000,0,0.000,0,0.000,0,0.000,0,0.000,0,0.000,0,0.000,2017-06-06,15:36:03
000863,三湘印象,7.330,7.300,7.410,7.480,7.280,7.410,7.420,4792800,35484640.100,25300,7.410,24200,7.400,14800,7.390,77900,7.380,13200,7.370,27900,7.420,25900,7.430,17100,7.440,128600,7.450,45900,7.460,2017-06-06,15:36:03
000868,安凯客车,5.110,5.110,5.150,5.170,5.090,5.140,5.150,3046993,15664434.110,98100,5.140,57400,5.130,27400,5.120,33200,5.110,201800,5.100,68700,5.150,132700,5.160,111600,5.170,129900,5.180,100200,5.190,2017-06-06,15:36:03
000869,张 裕Ａ,34.350,34.350,34.080,34.500,33.960,34.080,34.090,1077657,36842129.890,17377,34.080,300,34.070,14181,34.060,2200,34.050,3400,34.040,800,34.090,982,34.100,800,34.120,1000,34.140,11200,34.150,2017-06-06,15:36:03
000875,吉电股份,5.170,5.200,5.230,5.230,5.140,5.230,5.240,8224619,42824296.420,30500,5.230,223700,5.220,123300,5.210,147300,5.200,210500,5.190,215100,5.240,285100,5.250,148000,5.260,68600,5.270,100800,5.280,2017-06-06,15:36:03
000876,新 希 望,7.860,7.860,7.880,7.880,7.840,7.870,7.880,9278835,72916592.040,42500,7.870,287000,7.860,186464,7.850,369875,7.840,200900,7.830,167100,7.880,268600,7.890,432800,7.900,171100,7.910,122800,7.920,2017-06-06,15:36:03
000877,天山股份,10.530,10.570,10.400,10.660,10.200,10.400,10.410,30519003,317732781.860,92600,10.400,90700,10.390,38900,10.380,56500,10.370,7900,10.360,8500,10.410,46400,10.420,71000,10.430,45800,10.440,119600,10.450,2017-06-06,15:36:03
000878,云南铜业,11.400,11.410,11.490,11.540,11.270,11.490,11.500,13033317,148820844.920,102500,11.490,162700,11.480,93000,11.470,49900,11.460,257080,11.450,125540,11.500,139200,11.510,83600,11.520,110200,11.530,117400,11.540,2017-06-06,15:36:03
000880,潍柴重机,11.310,11.340,11.450,11.510,11.200,11.440,11.460,1980600,22628462.000,21300,11.440,10800,11.430,41200,11.420,17400,11.410,10200,11.400,8200,11.460,12900,11.470,11700,11.480,40100,11.490,38400,11.500,2017-06-06,15:36:03
000881,中广核技,19.740,19.660,19.400,19.740,19.190,19.400,19.410,2567754,49786416.230,12992,19.400,5597,19.380,3696,19.330,1700,19.310,1200,19.290,23500,19.410,13600,19.420,2700,19.430,2100,19.440,8200,19.450,2017-06-06,15:36:03
000882,华联股份,3.700,3.710,3.720,3.750,3.680,3.710,3.720,9985744,37095664.800,240100,3.710,184300,3.700,218700,3.690,233900,3.680,108100,3.670,73200,3.720,288100,3.730,432600,3.740,373300,3.750,225300,3.760,2017-06-06,15:36:03
000883,湖北能源,4.870,4.860,4.830,4.880,4.820,4.820,4.830,9469697,45721348.530,200700,4.820,335900,4.810,580300,4.800,375700,4.790,813400,4.780,144400,4.830,328800,4.840,230800,4.850,311200,4.860,253323,4.870,2017-06-06,15:36:03
000885,同力水泥,0.000,19.290,0.000,0.000,0.000,0.000,0.000,0,0.000,0,0.000,0,0.000,0,0.000,0,0.000,0,0.000,0,0.000,0,0.000,0,0.000,0,0.000,0,0.000,2017-06-06,15:36:03
000886,海南高速,4.500,4.510,4.520,4.530,4.480,4.520,4.530,3897173,17567696.120,65111,4.520,119900,4.510,209200,4.500,32700,4.490,85300,4.480,165700,4.530,90100,4.540,66200,4.550,53000,4.560,71700,4.570,2017-06-06,15:36:03
000887,中鼎股份,0.000,22.190,0.000,0.000,0.000,0.000,0.000,0,0.000,0,0.000,0,0.000,0,0.000,0,0.000,0,0.000,0,0.000,0,0.000,0,0.000,0,0.000,0,0.000,2017-06-06,15:36:03
000888,峨眉山Ａ,11.540,11.530,11.550,11.640,11.450,11.540,11.550,1805771,20863382.470,1600,11.540,12800,11.530,2000,11.520,6429,11.510,45500,11.500,101106,11.550,1199,11.560,6300,11.570,5500,11.580,1600,11.590,2017-06-06,15:36:03
000889,茂业通信,0.000,16.710,0.000,0.000,0.000,0.000,0.000,0,0.000,0,0.000,0,0.000,0,0.000,0,0.000,0,0.000,0,0.000,0,0.000,0,0.000,0,0.000,0,0.000,2017-06-06,15:36:03
000890,法 尔 胜,8.040,8.030,8.070,8.080,8.000,8.060,8.070,1635103,13144584.270,16900,8.060,25000,8.050,12772,8.040,19100,8.030,31050,8.020,13400,8.070,34200,8.080,32200,8.090,75900,8.100,5300,8.110,2017-06-06,15:36:03
000892,欢瑞世纪,10.220,10.200,10.200,10.290,10.120,10.190,10.200,1961267,19996935.360,20700,10.190,14800,10.180,66300,10.170,10200,10.160,20599,10.150,21900,10.200,21600,10.210,13600,10.220,31800,10.230,22600,10.240,2017-06-06,15:36:03
000893,东凌国际,0.000,9.620,0.000,0.000,0.000,0.000,0.000,0,0.000,0,0.000,0,0.000,0,0.000,0,0.000,0,0.000,0,0.000,0,0.000,0,0.000,0,0.000,0,0.000,2017-06-06,15:36:03
000895,双汇发展,21.990,21.990,22.110,22.130,21.810,22.100,22.110,8393475,184473731.250,13400,22.100,1100,22.090,3900,22.080,200,22.070,7200,22.040,55200,22.110,44800,22.120,50500,22.130,50200,22.140,179200,22.150,2017-06-06,15:36:03
000897,津滨发展,4.930,4.970,4.960,4.970,4.900,4.960,4.970,14475326,71515950.150,98400,4.960,141400,4.950,148700,4.940,159200,4.930,935919,4.920,623673,4.970,324100,4.980,265800,4.990,214900,5.000,536500,5.010,2017-06-06,15:36:03
000898,鞍钢股份,5.170,5.180,5.250,5.250,5.150,5.240,5.250,9192721,47715800.780,63300,5.240,176500,5.230,20700,5.220,42600,5.210,155600,5.200,179795,5.250,53788,5.260,19300,5.270,78400,5.280,58900,5.290,2017-06-06,15:36:03
000899,赣能股份,7.530,7.530,7.570,7.580,7.470,7.560,7.570,1431137,10792429.470,25700,7.560,36036,7.540,17100,7.530,300,7.520,6100,7.510,43852,7.570,34819,7.580,29000,7.590,2500,7.600,6300,7.610,2017-06-06,15:36:03
000900,现代投资,8.690,8.730,8.740,8.750,8.670,8.740,8.750,3471474,30225316.430,46133,8.740,37800,8.730,34100,8.720,13500,8.710,86300,8.700,111800,8.750,104100,8.760,59747,8.770,174400,8.780,161600,8.790,2017-06-06,15:36:03
000901,航天科技,25.020,25.180,25.420,25.670,25.020,25.410,25.420,3336021,84985138.470,4000,25.410,9400,25.400,646,25.390,3600,25.380,16300,25.370,29800,25.420,700,25.430,1400,25.440,1800,25.450,300,25.460,2017-06-06,15:36:03
000902,新洋丰,8.700,8.780,8.910,8.920,8.700,8.900,8.910,9105900,80465041.870,16600,8.900,160823,8.890,37800,8.880,116931,8.870,89100,8.860,69700,8.910,117869,8.920,109700,8.930,56000,8.940,117300,8.950,2017-06-06,15:36:03
000903,云内动力,8.550,8.590,8.610,8.650,8.530,8.600,8.610,5722599,49183253.100,28300,8.600,82700,8.590,72743,8.580,71300,8.570,29300,8.560,16000,8.610,57900,8.620,82800,8.630,89300,8.640,193740,8.650,2017-06-06,15:36:03
000905,厦门港务,11.800,11.820,11.910,12.040,11.730,11.900,11.910,7927881,94401685.200,58000,11.900,13900,11.890,48100,11.880,7600,11.870,15200,11.860,54500,11.910,22500,11.920,11481,11.930,19000,11.940,64700,11.950,2017-06-06,15:36:03
000906,浙商中拓,8.560,8.420,8.500,8.570,8.410,8.490,8.500,2877706,24460347.580,4500,8.490,4200,8.480,14100,8.460,400,8.440,19100,8.430,53949,8.500,7920,8.510,16290,8.520,11430,8.530,16630,8.540,2017-06-06,15:36:03
000908,景峰医药,7.760,7.770,7.810,7.840,7.710,7.810,7.820,1487983,11599012.810,17300,7.810,59100,7.800,3300,7.790,17900,7.780,99126,7.770,19300,7.820,72800,7.830,40600,7.840,51400,7.850,1300,7.860,2017-06-06,15:36:03
000909,数源科技,12.020,12.040,12.170,12.220,11.980,12.160,12.170,1457842,17671857.320,10200,12.160,1500,12.150,18600,12.140,2800,12.130,23100,12.120,1500,12.170,7900,12.180,6196,12.190,16100,12.200,9400,12.210,2017-06-06,15:36:03
000910,大亚圣象,21.500,21.510,22.490,22.560,21.280,22.450,22.490,3001419,66321549.720,3900,22.450,4600,22.440,1400,22.430,3000,22.420,1600,22.410,3000,22.490,4800,22.500,2800,22.510,21800,22.520,1500,22.530,2017-06-06,15:36:03
000911,南宁糖业,11.000,11.100,11.100,11.200,10.970,11.090,11.100,6585137,73034142.870,40100,11.090,8900,11.080,1600,11.070,7800,11.060,6300,11.050,164301,11.100,39300,11.110,30000,11.120,13000,11.130,18800,11.140,2017-06-06,15:36:03
000912,泸天化,0.000,7.170,0.000,0.000,0.000,0.000,0.000,0,0.000,0,0.000,0,0.000,0,0.000,0,0.000,0,0.000,0,0.000,0,0.000,0,0.000,0,0.000,0,0.000,2017-06-06,15:36:03
000913,钱江摩托,15.260,15.280,16.090,16.500,15.050,16.080,16.100,1947210,31140027.550,1400,16.080,6100,16.060,5200,16.050,700,16.040,9400,16.020,12000,16.100,34783,16.120,3900,16.140,7200,16.150,11900,16.160,2017-06-06,15:36:03
000915,山大华特,48.180,48.210,49.200,49.200,47.850,49.190,49.200,2504897,122328284.080,11900,49.190,2200,49.180,10000,49.170,7400,49.160,42600,49.150,56727,49.200,200,49.210,100,49.230,10700,49.240,2600,49.250,2017-06-06,15:36:03
000916,华北高速,0.000,4.850,0.000,0.000,0.000,0.000,0.000,0,0.000,0,0.000,0,0.000,0,0.000,0,0.000,0,0.000,0,0.000,0,0.000,0,0.000,0,0.000,0,0.000,2017-06-06,15:36:03
000917,电广传媒,10.920,10.920,11.000,11.040,10.870,11.000,11.010,10018121,109981854.040,78000,11.000,19200,10.990,29721,10.980,29100,10.970,65900,10.960,19300,11.010,51187,11.020,40560,11.030,44200,11.040,63900,11.050,2017-06-06,15:36:03
000918,嘉凯城,7.190,7.260,7.260,7.330,7.190,7.260,7.270,10171997,73881402.160,21700,7.260,109700,7.250,66400,7.240,118800,7.230,61000,7.220,110800,7.270,63025,7.280,49000,7.290,90800,7.300,24400,7.310,2017-06-06,15:36:03
000919,金陵药业,10.300,10.300,10.350,10.370,10.220,10.340,10.350,2567882,26484437.480,2100,10.340,15400,10.330,14410,10.320,9000,10.310,24112,10.300,10200,10.350,24800,10.360,19000,10.370,17400,10.380,11700,10.390,2017-06-06,15:36:03
000920,南方汇通,13.360,13.380,13.280,13.440,13.150,13.280,13.290,3298250,43794743.270,44200,13.280,31300,13.270,1000,13.260,20900,13.250,33300,13.240,23000,13.290,162000,13.300,2100,13.310,6300,13.320,1000,13.330,2017-06-06,15:36:03
000921,海信科龙,14.150,14.150,14.760,14.800,14.100,14.750,14.760,13085517,189861621.380,19301,14.750,13000,14.740,11100,14.730,10400,14.720,600,14.710,44426,14.760,96573,14.770,94900,14.780,63700,14.790,341065,14.800,2017-06-06,15:36:03
000922,*ST佳电,6.950,7.020,6.910,7.040,6.870,6.900,6.910,7147332,49669287.040,31100,6.900,27000,6.890,34300,6.880,9100,6.870,5300,6.860,110200,6.910,118100,6.920,45700,6.930,39900,6.940,38400,6.950,2017-06-06,15:36:03
000923,河北宣工,28.820,28.920,28.320,29.050,27.700,28.320,28.330,11178957,317000178.980,18100,28.320,101900,28.310,32800,28.300,10400,28.290,12000,28.280,12500,28.330,12200,28.340,27900,28.350,5800,28.360,100,28.370,2017-06-06,15:36:03
000925,众合科技,20.510,20.900,20.620,21.050,20.290,20.610,20.620,3542568,73069823.010,1300,20.610,9300,20.600,2010,20.590,7300,20.580,4800,20.570,20800,20.620,200,20.630,4058,20.640,16600,20.650,1000,20.660,2017-06-06,15:36:03
000926,福星股份,12.070,12.080,12.060,12.120,12.000,12.060,12.070,4337153,52319260.220,164300,12.060,26300,12.050,12400,12.040,16300,12.030,32331,12.020,10200,12.070,65484,12.080,99780,12.090,131444,12.100,86100,12.110,2017-06-06,15:36:03
000927,一汽夏利,4.740,4.740,4.760,4.780,4.690,4.760,4.770,6997600,33228950.000,1200,4.760,159700,4.750,61900,4.740,163200,4.730,153500,4.720,191300,4.770,115900,4.780,109000,4.790,145000,4.800,37200,4.810,2017-06-06,15:36:03
000928,中钢国际,8.660,8.690,8.670,8.720,8.530,8.670,8.680,10823137,93545646.760,136024,8.670,67700,8.660,72300,8.650,18100,8.640,126640,8.630,47702,8.680,64900,8.690,106800,8.700,255400,8.710,46820,8.720,2017-06-06,15:36:03
000929,兰州黄河,13.470,13.530,13.500,13.640,13.250,13.500,13.550,1268590,17004361.340,10500,13.500,3500,13.450,1100,13.400,200,13.390,6400,13.380,500,13.550,4300,13.560,16100,13.570,6200,13.580,7700,13.590,2017-06-06,15:36:03
000930,中粮生化,10.190,10.180,10.240,10.290,10.140,10.230,10.240,8547145,87264098.930,59800,10.230,89100,10.220,95400,10.210,48498,10.200,30400,10.190,80945,10.240,216400,10.250,63671,10.260,118600,10.270,205900,10.280,2017-06-06,15:36:03
000931,中 关 村,7.880,7.950,7.930,7.950,7.880,7.930,7.940,3401578,26899368.280,32284,7.930,32300,7.920,44800,7.910,57200,7.900,43500,7.890,71000,7.940,82500,7.950,54900,7.960,38400,7.970,75700,7.980,2017-06-06,15:36:03
000932,*ST华菱,3.880,3.870,3.890,3.890,3.850,3.880,3.890,4865788,18824310.140,128380,3.880,209194,3.870,260000,3.860,455300,3.850,111700,3.840,98300,3.890,222892,3.900,151400,3.910,209000,3.920,99900,3.930,2017-06-06,15:36:03
000933,神火股份,6.330,6.340,6.360,6.420,6.290,6.350,6.360,7655360,48783181.750,67800,6.350,211000,6.340,140100,6.330,67200,6.320,87500,6.310,259882,6.360,73500,6.370,36700,6.380,220800,6.390,357845,6.400,2017-06-06,15:36:03
000935,四川双马,0.000,23.060,0.000,0.000,0.000,0.000,0.000,0,0.000,0,0.000,0,0.000,0,0.000,0,0.000,0,0.000,0,0.000,0,0.000,0,0.000,0,0.000,0,0.000,2017-06-06,15:36:03
000936,华西股份,6.880,6.870,6.940,6.940,6.820,6.940,6.950,4896989,33717205.690,28200,6.940,19072,6.930,11400,6.920,10400,6.910,14500,6.900,108300,6.950,63456,6.960,52800,6.970,56461,6.980,98429,6.990,2017-06-06,15:36:03
000937,冀中能源,5.780,5.770,5.790,5.820,5.710,5.790,5.800,23431206,135001307.190,148600,5.790,260400,5.780,100900,5.770,251852,5.760,224900,5.750,406200,5.800,229330,5.810,491600,5.820,181100,5.830,156500,5.840,2017-06-06,15:36:03
000938,紫光股份,52.520,52.760,52.220,52.930,51.840,52.210,52.220,1592736,83402384.220,2400,52.210,500,52.200,100,52.180,3000,52.170,500,52.160,2567,52.220,300,52.250,5600,52.260,600,52.280,5200,52.290,2017-06-06,15:36:03
000939,凯迪生态,10.500,9.910,10.130,10.800,10.050,10.120,10.130,8148225,83173057.100,1600,10.120,5421,10.110,10300,10.100,3700,10.090,15400,10.080,169300,10.130,19200,10.140,35100,10.150,36400,10.160,21200,10.170,2017-06-06,15:36:03
000948,南天信息,11.540,11.540,11.910,12.480,11.400,11.900,11.910,4403893,52486218.950,900,11.900,1000,11.890,4900,11.880,2200,11.870,100,11.860,2200,11.910,44600,11.920,41800,11.930,15000,11.940,24900,11.950,2017-06-06,15:36:03
000949,新乡化纤,4.450,4.480,4.480,4.490,4.450,4.470,4.480,4895594,21912006.180,62704,4.470,104200,4.460,148800,4.450,20300,4.440,47600,4.430,102500,4.480,317800,4.490,234600,4.500,102906,4.510,112500,4.520,2017-06-06,15:36:03
000950,*ST建峰,0.000,10.720,0.000,0.000,0.000,0.000,0.000,0,0.000,0,0.000,0,0.000,0,0.000,0,0.000,0,0.000,0,0.000,0,0.000,0,0.000,0,0.000,0,0.000,2017-05-10,16:35:03
000951,中国重汽,12.010,11.990,11.990,12.030,11.920,11.980,11.990,2620919,31383596.680,28600,11.980,27866,11.970,29400,11.960,10900,11.950,9800,11.940,2938,11.990,46580,12.000,5500,12.010,10400,12.020,11148,12.030,2017-06-06,15:36:03
000952,广济药业,13.300,13.310,13.290,13.350,13.220,13.290,13.300,3716116,49341913.050,55713,13.290,23000,13.280,1700,13.270,24600,13.260,11200,13.250,11900,13.300,11300,13.310,11500,13.320,20600,13.330,21000,13.340,2017-06-06,15:36:03
000953,*ST河化,0.000,12.010,0.000,0.000,0.000,0.000,0.000,0,0.000,0,0.000,0,0.000,0,0.000,0,0.000,0,0.000,0,0.000,0,0.000,0,0.000,0,0.000,0,0.000,2017-06-06,15:36:03
000955,欣龙控股,5.700,5.730,5.730,5.740,5.660,5.730,5.740,2900751,16551615.470,17046,5.730,48000,5.720,17900,5.710,75299,5.700,17700,5.690,92200,5.740,145000,5.750,130200,5.760,16500,5.770,34800,5.780,2017-06-06,15:36:03
000957,中通客车,10.410,10.450,10.530,10.540,10.350,10.520,10.530,3742637,39086503.700,17400,10.520,17400,10.510,23100,10.500,15800,10.490,51800,10.480,4300,10.530,35000,10.540,33100,10.550,13900,10.560,8200,10.570,2017-06-06,15:36:03
000958,东方能源,8.900,8.900,8.730,8.900,8.540,8.730,8.740,75455701,655016649.930,789673,8.730,132500,8.720,96700,8.710,129800,8.700,48600,8.690,182400,8.740,253300,8.750,176000,8.760,87000,8.770,87200,8.780,2017-06-06,15:36:03
000959,首钢股份,6.730,6.730,6.710,6.760,6.660,6.710,6.720,7567275,50760936.150,42900,6.710,21700,6.700,43813,6.690,100723,6.680,123465,6.670,27027,6.720,104400,6.730,80500,6.740,136807,6.750,84500,6.760,2017-06-06,15:36:03
000960,锡业股份,11.260,11.330,11.360,11.410,11.230,11.350,11.360,8872333,100564887.380,73167,11.350,62200,11.340,37337,11.330,34800,11.320,31476,11.310,89084,11.360,33500,11.370,86820,11.380,343700,11.390,98237,11.400,2017-06-06,15:36:03
000961,中南建设,6.580,6.610,6.570,6.610,6.500,6.570,6.580,11209235,73668472.800,111616,6.570,261238,6.560,190450,6.550,71200,6.540,112300,6.530,187700,6.580,88807,6.590,160200,6.600,369715,6.610,167100,6.620,2017-06-06,15:36:03
000962,东方钽业,8.420,8.420,8.670,8.900,8.300,8.660,8.670,4966550,43080895.900,22898,8.660,22400,8.650,10500,8.640,10400,8.630,4000,8.620,75300,8.670,4500,8.680,4900,8.690,14000,8.700,7200,8.710,2017-06-06,15:36:03
000963,华东医药,43.960,43.930,44.810,44.810,43.680,44.800,44.810,4484393,198920482.380,7000,44.800,920,44.790,100,44.770,1000,44.760,200,44.750,5576,44.810,45163,44.820,5000,44.830,7900,44.840,4800,44.850,2017-06-06,15:36:03
000965,天保基建,9.040,9.130,9.050,9.110,8.820,9.040,9.050,43410359,388647507.810,411600,9.040,63800,9.030,13600,9.020,42000,9.010,50600,9.000,129801,9.050,118400,9.060,83000,9.070,157600,9.080,66200,9.090,2017-06-06,15:36:03
000966,长源电力,5.350,5.160,5.180,5.440,5.140,5.170,5.180,49508074,261420554.590,285300,5.170,237200,5.160,228600,5.150,168280,5.140,62700,5.130,299,5.180,164500,5.190,700940,5.200,31900,5.210,38800,5.220,2017-06-06,15:36:03
000967,盈峰环境,14.800,14.850,14.980,15.000,14.690,14.970,14.980,1905710,28379226.650,500,14.970,5200,14.960,1100,14.950,9700,14.940,2900,14.930,16943,14.980,31200,14.990,120800,15.000,11100,15.010,12900,15.020,2017-06-06,15:36:03
000968,蓝焰控股,13.800,13.870,13.750,14.140,13.670,13.750,13.760,2796040,38865980.080,1500,13.750,579,13.740,4500,13.730,9300,13.720,3700,13.710,700,13.760,2100,13.790,2000,13.800,10700,13.810,30000,13.830,2017-06-06,15:36:03
000969,安泰科技,8.200,8.230,8.260,8.270,8.190,8.260,8.270,2666443,21977299.120,23900,8.260,22900,8.250,6600,8.240,40200,8.230,6491,8.220,79815,8.270,42500,8.280,27000,8.290,71000,8.300,33900,8.310,2017-06-06,15:36:03
000970,中科三环,12.500,12.480,12.500,12.520,12.310,12.490,12.500,4544659,56552530.890,43700,12.490,20000,12.480,5000,12.470,14200,12.460,11500,12.450,77219,12.500,115300,12.510,55602,12.520,11500,12.530,20900,12.540,2017-06-06,15:36:03
000971,高升控股,16.580,16.600,16.650,16.720,16.520,16.640,16.650,868329,14405511.690,12700,16.640,500,16.620,571,16.610,53200,16.600,1600,16.590,29300,16.650,32500,16.660,400,16.670,9300,16.680,8300,16.690,2017-06-06,15:36:03
000972,*ST中基,3.890,3.900,3.930,3.940,3.850,3.920,3.930,3591450,14023826.070,39850,3.920,40900,3.910,49200,3.900,36900,3.890,64200,3.880,3350,3.930,104800,3.940,126900,3.950,78800,3.960,104600,3.970,2017-06-06,15:36:03
000973,佛塑科技,7.140,7.170,7.260,7.260,7.100,7.260,7.270,18416500,132271631.080,106629,7.260,228300,7.250,431100,7.240,115600,7.230,601500,7.220,60700,7.270,123000,7.280,141300,7.290,284850,7.300,24000,7.310,2017-06-06,15:36:03
000975,银泰资源,12.470,12.470,12.530,12.600,12.310,12.520,12.530,3880827,48428817.010,24600,12.520,28200,12.510,20619,12.500,28100,12.490,21300,12.480,13913,12.530,115900,12.540,49700,12.550,12800,12.560,21164,12.570,2017-06-06,15:36:03
000976,春晖股份,8.160,8.160,8.180,8.200,8.090,8.180,8.190,2028010,16495375.420,6838,8.180,7200,8.170,15100,8.160,333963,8.150,52328,8.140,38900,8.190,48300,8.200,2500,8.210,2300,8.220,6900,8.230,2017-06-06,15:36:03
000977,浪潮信息,17.780,17.920,17.740,17.800,17.570,17.730,17.740,9850801,174205247.920,160300,17.730,10900,17.720,46100,17.710,27500,17.700,3000,17.690,39200,17.740,24000,17.750,15600,17.760,9300,17.770,21500,17.780,2017-06-06,15:36:03
000978,桂林旅游,8.870,8.890,8.850,8.940,8.800,8.850,8.860,1618686,14367944.410,14600,8.850,1600,8.840,5800,8.820,8400,8.810,36700,8.800,77600,8.860,21200,8.870,16209,8.880,4500,8.890,9100,8.900,2017-06-06,15:36:03
000979,中弘股份,2.570,2.570,2.590,2.600,2.570,2.590,2.600,21556971,55724061.460,478300,2.590,1614500,2.580,2051100,2.570,1674400,2.560,482600,2.550,3090080,2.600,1175700,2.610,1973480,2.620,1240600,2.630,565720,2.640,2017-06-06,15:36:03
000980,金马股份,13.400,13.190,13.500,13.660,13.200,13.490,13.500,10371220,139670440.570,34216,13.490,88083,13.480,7200,13.470,11600,13.460,34600,13.450,92000,13.500,59500,13.510,1200,13.520,7500,13.530,33623,13.540,2017-06-06,15:36:03
000981,银亿股份,0.000,10.140,0.000,0.000,0.000,0.000,0.000,0,0.000,0,0.000,0,0.000,0,0.000,0,0.000,0,0.000,0,0.000,0,0.000,0,0.000,0,0.000,0,0.000,2017-06-06,15:36:03
000982,*ST 中绒,0.000,9.150,0.000,0.000,0.000,0.000,0.000,0,0.000,0,0.000,0,0.000,0,0.000,0,0.000,0,0.000,0,0.000,0,0.000,0,0.000,0,0.000,0,0.000,2017-06-06,15:36:03
000983,西山煤电,7.320,7.340,7.410,7.480,7.250,7.400,7.410,21014542,155053585.370,169800,7.400,128800,7.390,93900,7.380,164100,7.370,87500,7.360,17700,7.410,73500,7.420,44300,7.430,86800,7.440,115300,7.450,2017-06-06,15:36:03
000985,大庆华科,22.990,23.100,23.000,23.100,22.700,22.950,23.000,586683,13457716.500,1500,22.950,10700,22.930,3100,22.920,10100,22.910,4000,22.900,8377,23.000,200,23.010,600,23.020,2800,23.040,17700,23.050,2017-06-06,15:36:03
000987,越秀金控,11.120,11.160,11.190,11.270,11.040,11.190,11.200,2092868,23432762.440,1800,11.190,17090,11.180,9900,11.170,3400,11.160,3800,11.150,82800,11.200,8900,11.210,25254,11.220,5150,11.230,17200,11.240,2017-06-06,15:36:03
000988,华工科技,13.380,13.410,13.550,13.550,13.330,13.540,13.550,4848210,65007875.060,3700,13.540,5500,13.520,20000,13.510,11600,13.500,36000,13.480,28362,13.550,12400,13.560,2300,13.570,24700,13.580,18600,13.590,2017-06-06,15:36:03
000989,九 芝 堂,18.380,18.330,18.490,18.530,18.230,18.490,18.500,1031330,19013433.810,8100,18.490,13050,18.470,62339,18.460,2100,18.450,9400,18.440,3100,18.500,5600,18.510,5000,18.520,9200,18.530,2500,18.540,2017-06-06,15:36:03
000990,诚志股份,14.800,14.840,14.980,15.000,14.800,14.970,14.980,1769900,26417439.000,18200,14.970,10200,14.950,4600,14.940,4900,14.930,1900,14.920,47400,14.980,7700,14.990,47700,15.000,9900,15.020,12800,15.030,2017-06-06,15:36:03
000993,闽东电力,8.500,8.510,8.570,8.580,8.460,8.560,8.570,3228902,27516013.080,76300,8.560,58000,8.550,48600,8.540,16600,8.530,30400,8.520,42100,8.570,53600,8.580,17600,8.590,67108,8.600,3700,8.620,2017-06-06,15:36:03
000995,*ST皇台,10.600,10.600,10.830,10.900,10.470,10.830,10.840,825200,8827073.000,9000,10.830,5400,10.820,200,10.810,300,10.800,700,10.790,2400,10.840,3000,10.860,25100,10.870,6700,10.880,32400,10.890,2017-06-06,15:36:03
000996,中国中期,18.490,18.710,18.560,18.710,18.410,18.560,18.570,5305685,98371454.700,46200,18.560,36500,18.550,3900,18.540,5400,18.530,17900,18.510,19000,18.570,13900,18.580,16400,18.590,15000,18.600,7200,18.610,2017-06-06,15:36:03
