股票代码,股票名称,今日开盘价,昨日收盘价,今日收盘价,今日最高价,今日最低价,买一报价,卖一报价,成交数量,成交金额,买一数量,买一报价,买二数量,买二报价,买三数量,买三报价,买四数量,买四报价,买五数量,买五报价,卖一数量,卖一报价,卖二数量,卖二报价,卖三数量,卖三报价,卖四数量,卖四报价,卖五数量,卖五报价,日期,时间
000001,平安银行,9.080,9.100,9.100,9.130,9.040,9.100,9.110,89536576,813387170.150,76891,9.100,279424,9.090,88200,9.080,93200,9.070,339900,9.060,496700,9.110,1510249,9.120,1604688,9.130,1047560,9.140,1540714,9.150,2017-05-26,16:35:03
000002,万 科Ａ,20.300,20.500,20.550,20.750,20.070,20.550,20.560,40065893,814867077.900,237885,20.550,6500,20.540,75320,20.530,45700,20.520,117252,20.510,75500,20.560,75100,20.570,28000,20.580,49000,20.590,583662,20.600,2017-05-26,16:35:03
000004,国农科技,0.000,36.000,0.000,0.000,0.000,0.000,0.000,0,0.000,0,0.000,0,0.000,0,0.000,0,0.000,0,0.000,0,0.000,0,0.000,0,0.000,0,0.000,0,0.000,2017-05-26,16:35:03
000005,世纪星源,5.240,5.280,5.180,5.280,5.170,5.180,5.190,4704100,24546443.640,13100,5.180,27400,5.170,47900,5.160,121800,5.150,208100,5.140,40600,5.190,92400,5.200,40036,5.210,31700,5.220,16700,5.230,2017-05-26,16:35:03
000006,深振业Ａ,8.310,8.300,8.460,8.610,8.220,8.450,8.460,25503565,215006386.470,15200,8.450,126300,8.440,14800,8.430,42200,8.420,59800,8.410,171020,8.460,58629,8.470,39800,8.480,89300,8.490,330900,8.500,2017-05-26,16:35:03
000007,全新好,0.000,15.870,0.000,0.000,0.000,0.000,0.000,0,0.000,0,0.000,0,0.000,0,0.000,0,0.000,0,0.000,0,0.000,0,0.000,0,0.000,0,0.000,0,0.000,2017-05-26,16:35:03
000008,神州高铁,7.150,7.180,7.150,7.240,7.080,7.140,7.150,7623589,54590877.480,548100,7.140,10200,7.130,22000,7.120,63100,7.110,161362,7.100,50000,7.150,20900,7.160,11700,7.170,62800,7.180,107800,7.190,2017-05-26,16:35:03
000009,中国宝安,7.310,7.340,7.320,7.400,7.300,7.310,7.320,11476676,84280018.320,177985,7.310,160435,7.300,77900,7.290,102100,7.280,48600,7.270,36600,7.320,101100,7.330,142176,7.340,103830,7.350,103270,7.360,2017-05-26,16:35:03
000010,美丽生态,4.970,4.990,4.910,5.020,4.910,4.910,4.920,8964066,44573000.450,300800,4.910,185400,4.900,53400,4.890,108800,4.880,600,4.870,12700,4.920,24300,4.930,49700,4.940,10000,4.950,38591,4.960,2017-05-26,16:35:03
000011,深物业A,18.120,18.220,17.850,18.280,17.810,17.840,17.850,12760700,229484090.410,17600,17.840,16500,17.830,15900,17.820,30100,17.810,113000,17.800,6500,17.850,23200,17.860,15100,17.870,32310,17.880,7000,17.890,2017-05-26,16:35:03
000012,南 玻Ａ,8.960,8.950,8.850,9.020,8.840,8.850,8.860,8779208,78345327.800,23692,8.850,80200,8.840,55100,8.830,45000,8.820,46700,8.810,18300,8.860,13900,8.870,16553,8.880,12900,8.890,33900,8.900,2017-05-26,16:35:03
000014,沙河股份,17.150,17.150,17.100,17.330,17.040,17.100,17.110,2000200,34362181.560,13000,17.100,11300,17.090,5800,17.080,400,17.070,2400,17.060,2100,17.110,316,17.120,3400,17.130,2368,17.140,7500,17.150,2017-05-26,16:35:03
000016,深康佳Ａ,4.530,4.550,4.550,4.610,4.520,4.540,4.550,13745429,62798927.260,69700,4.540,139700,4.530,168300,4.520,67700,4.510,180400,4.500,6757,4.550,120200,4.560,75400,4.570,82200,4.580,246100,4.590,2017-05-26,16:35:03
000017,深中华A,7.970,7.970,7.970,8.170,7.860,7.970,7.980,3610171,28861128.810,9193,7.970,3700,7.960,500,7.950,10800,7.940,5600,7.930,55000,7.980,3300,7.990,31700,8.000,6900,8.010,8700,8.020,2017-05-26,16:35:03
000018,神州长城,7.520,7.500,7.870,8.100,7.500,7.870,7.880,41956821,328573966.100,249360,7.870,92300,7.860,93445,7.850,34800,7.840,34900,7.830,108100,7.880,243255,7.890,149000,7.900,107300,7.910,108100,7.920,2017-05-26,16:35:03
000019,深深宝Ａ,11.300,11.240,11.150,11.310,11.120,11.150,11.160,4831772,54190999.400,277700,11.150,2200,11.140,30300,11.130,26700,11.120,25400,11.110,28470,11.160,15201,11.170,7100,11.180,11000,11.190,20100,11.200,2017-05-26,16:35:03
000020,深华发Ａ,19.100,19.200,19.200,19.420,19.010,19.200,19.210,655051,12605687.050,5500,19.200,500,19.180,1400,19.170,100,19.160,400,19.150,12621,19.210,5200,19.220,14000,19.260,500,19.270,7600,19.300,2017-05-26,16:35:03
000021,深科技,8.210,8.300,8.240,8.320,8.210,8.240,8.250,8140486,67221239.810,29200,8.240,104000,8.230,112200,8.220,84200,8.210,117800,8.200,52000,8.250,39900,8.260,25400,8.270,22200,8.280,38100,8.290,2017-05-26,16:35:03
000022,深赤湾Ａ,24.600,24.550,24.240,24.950,24.240,24.240,24.250,5772690,141434709.050,19900,24.240,4400,24.230,1400,24.220,3300,24.210,9300,24.200,11600,24.250,500,24.260,5700,24.280,13600,24.290,5700,24.300,2017-05-26,16:35:03
000023,深天地Ａ,22.820,23.480,22.870,23.170,22.570,22.850,22.870,804155,18362195.440,924,22.850,2204,22.840,300,22.830,900,22.810,7200,22.800,9700,22.870,4200,22.880,2000,22.900,300,22.910,2400,22.920,2017-05-26,16:35:03
000025,特 力Ａ,34.840,34.700,34.400,35.260,34.300,34.390,34.400,1404540,48682455.480,4400,34.390,3800,34.380,13300,34.370,600,34.360,300,34.350,5926,34.400,2000,34.410,5400,34.450,3100,34.500,300,34.510,2017-05-26,16:35:03
000026,飞亚达Ａ,12.360,12.370,12.210,12.400,12.170,12.210,12.220,2969678,36403097.940,3830,12.210,25000,12.200,33400,12.190,43402,12.180,21800,12.170,2000,12.220,3200,12.230,8400,12.240,9400,12.250,10800,12.260,2017-05-26,16:35:03
000027,深圳能源,6.670,6.670,6.640,6.790,6.600,6.630,6.640,13463969,90154916.790,111800,6.630,43400,6.620,99100,6.610,155300,6.600,2200,6.590,364500,6.640,23300,6.650,30300,6.660,71200,6.670,91800,6.680,2017-05-26,16:35:03
000028,国药一致,74.880,74.910,75.600,75.870,74.180,75.520,75.600,540648,40561393.070,800,75.520,4609,75.510,200,75.400,100,75.370,200,75.350,300,75.600,2100,75.670,6100,75.700,3400,75.720,800,75.750,2017-05-26,16:35:03
000029,深深房Ａ,0.000,11.170,0.000,0.000,0.000,0.000,0.000,0,0.000,0,0.000,0,0.000,0,0.000,0,0.000,0,0.000,0,0.000,0,0.000,0,0.000,0,0.000,0,0.000,2017-05-26,16:35:03
000030,富奥股份,8.300,8.300,8.300,8.340,8.250,8.270,8.300,2882075,23899980.000,34800,8.270,16400,8.260,22000,8.250,27600,8.240,8900,8.230,38225,8.300,33900,8.310,10900,8.320,23520,8.330,8900,8.340,2017-05-26,16:35:03
000031,中粮地产,7.080,7.080,7.170,7.190,7.040,7.170,7.180,7904038,56511685.300,19540,7.170,59900,7.160,34800,7.150,79900,7.140,61700,7.130,442700,7.180,163800,7.190,258679,7.200,26600,7.210,82200,7.220,2017-05-26,16:35:03
000032,深桑达Ａ,0.000,15.690,0.000,0.000,0.000,0.000,0.000,0,0.000,0,0.000,0,0.000,0,0.000,0,0.000,0,0.000,0,0.000,0,0.000,0,0.000,0,0.000,0,0.000,2017-05-26,16:35:03
000033,新都退,5.800,6.440,5.800,5.800,5.800,0.000,5.800,300,1740.000,0,0.000,0,0.000,0,0.000,0,0.000,0,0.000,170355056,5.800,274850,5.810,59789,5.820,64689,5.830,63762,5.840,2017-05-26,16:35:03
000034,神州数码,0.000,24.450,0.000,0.000,0.000,0.000,0.000,0,0.000,0,0.000,0,0.000,0,0.000,0,0.000,0,0.000,0,0.000,0,0.000,0,0.000,0,0.000,0,0.000,2017-05-26,16:35:03
000035,中国天楹,6.770,6.760,6.710,6.790,6.680,6.710,6.720,5274400,35468888.000,71200,6.710,68900,6.700,168500,6.690,79600,6.680,14200,6.670,5000,6.720,3100,6.730,8300,6.740,218700,6.750,149700,6.760,2017-05-26,16:35:03
000036,华联控股,8.560,8.590,8.530,8.590,8.490,8.530,8.540,9506544,81180390.840,100496,8.530,248300,8.520,63205,8.510,129300,8.500,105600,8.490,75000,8.540,45300,8.550,50200,8.560,105500,8.570,27300,8.580,2017-05-26,16:35:03
000037,深南电A,9.470,9.350,9.780,9.830,9.300,9.770,9.780,2924173,28166563.820,4085,9.770,3500,9.760,5500,9.740,600,9.730,10000,9.720,8600,9.780,55925,9.800,3100,9.810,106400,9.820,48500,9.830,2017-05-26,16:35:03
000038,深大通,0.000,31.740,0.000,0.000,0.000,0.000,0.000,0,0.000,0,0.000,0,0.000,0,0.000,0,0.000,0,0.000,0,0.000,0,0.000,0,0.000,0,0.000,0,0.000,2017-05-26,16:35:03
000039,中集集团,16.120,16.050,16.250,16.420,16.000,16.240,16.250,20065291,326131272.970,9300,16.240,26000,16.230,10000,16.220,10900,16.210,38500,16.200,34260,16.250,15500,16.260,55000,16.270,94909,16.280,61200,16.290,2017-05-26,16:35:03
000040,东旭蓝天,12.040,12.090,12.280,12.350,12.030,12.270,12.280,6853378,83768879.880,9100,12.270,18900,12.260,37700,12.250,19899,12.240,8500,12.230,74900,12.280,14300,12.290,13100,12.300,32300,12.310,21600,12.320,2017-05-26,16:35:03
000042,中洲控股,17.510,17.470,17.610,17.660,17.300,17.600,17.610,445537,7807331.330,2200,17.600,3642,17.590,1900,17.570,2200,17.560,11600,17.550,29600,17.610,5200,17.620,18400,17.630,6000,17.640,21399,17.650,2017-05-26,16:35:03
000043,中航地产,8.850,8.820,9.250,9.700,8.800,9.240,9.250,11250575,105450477.760,20100,9.240,11700,9.230,28002,9.220,17202,9.210,12800,9.200,76700,9.250,20600,9.260,26200,9.270,47600,9.280,54100,9.290,2017-05-26,16:35:03
000045,深纺织Ａ,11.150,11.170,11.020,11.270,10.970,11.010,11.020,5740134,63705300.990,18700,11.010,155167,11.000,13900,10.990,25400,10.980,8800,10.970,1600,11.020,7002,11.030,2300,11.040,4800,11.050,7700,11.060,2017-05-26,16:35:03
000046,泛海控股,8.500,8.540,8.490,8.620,8.450,8.490,8.500,5953617,50671633.970,55493,8.490,40974,8.480,18100,8.470,55383,8.460,49773,8.450,47800,8.500,17000,8.510,279503,8.520,225600,8.530,107100,8.540,2017-05-26,16:35:03
000048,康达尔,24.890,24.890,25.890,25.890,24.830,25.890,25.900,486100,12414324.000,7500,25.890,2200,25.880,500,25.870,3100,25.850,200,25.830,3200,25.900,100,25.920,2800,25.930,200,25.940,4100,25.950,2017-05-26,16:35:03
000049,德赛电池,55.310,55.550,51.000,55.740,50.000,50.990,51.000,11864046,610170943.570,600,50.990,200,50.960,300,50.950,100,50.910,1000,50.900,70599,51.000,200,51.010,1800,51.020,11900,51.030,2200,51.050,2017-05-26,16:35:03
000050,深天马Ａ,16.900,16.960,16.730,17.140,16.690,16.730,16.740,16687993,282083794.570,177400,16.730,28500,16.720,28360,16.710,58000,16.700,76400,16.690,17600,16.740,7200,16.750,3100,16.760,1400,16.770,7200,16.780,2017-05-26,16:35:03
000055,方大集团,6.970,6.940,7.080,7.130,6.890,7.080,7.090,6485188,45471792.270,41150,7.080,4300,7.070,86950,7.060,31300,7.050,21000,7.040,72750,7.090,25100,7.100,40200,7.110,41000,7.120,73750,7.130,2017-05-26,16:35:03
000056,皇庭国际,11.660,11.680,11.620,11.880,11.610,11.610,11.620,739402,8686398.490,2400,11.610,2600,11.600,500,11.590,2400,11.570,3000,11.550,3200,11.620,1000,11.670,2000,11.680,3600,11.690,6900,11.700,2017-05-26,16:35:03
000058,深 赛 格,7.650,7.560,7.610,7.740,7.600,7.610,7.620,3988495,30555157.950,26005,7.610,68800,7.600,6800,7.590,46800,7.580,6200,7.570,44499,7.620,5800,7.630,20400,7.640,11300,7.650,23600,7.660,2017-05-26,16:35:03
000059,华锦股份,9.970,10.020,9.900,10.060,9.890,9.900,9.910,15529463,154651372.380,219400,9.900,148068,9.890,161500,9.880,181100,9.870,268300,9.860,112209,9.910,79100,9.920,38237,9.930,37300,9.940,65600,9.950,2017-05-26,16:35:03
000060,中金岭南,10.000,9.990,9.920,10.040,9.900,9.910,9.920,11409308,113647647.610,38700,9.910,163866,9.900,57400,9.890,86100,9.880,125700,9.870,52372,9.920,458700,9.930,38400,9.940,24701,9.950,37500,9.960,2017-05-26,16:35:03
000061,农 产 品,8.840,8.830,8.850,8.960,8.830,8.840,8.850,3914803,34767633.710,58500,8.840,37300,8.830,13900,8.820,9000,8.810,33400,8.800,24460,8.850,2000,8.860,31649,8.870,33200,8.880,15800,8.890,2017-05-26,16:35:03
000062,深圳华强,32.800,33.320,31.250,34.150,31.130,31.240,31.250,35558478,1169007013.040,9600,31.240,2800,31.230,18600,31.220,22300,31.210,65400,31.200,47100,31.250,9500,31.260,15500,31.270,11400,31.280,8500,31.290,2017-05-26,16:35:03
000063,中兴通讯,19.980,19.920,19.380,20.020,19.340,19.370,19.380,58506902,1146608482.920,134100,19.370,103400,19.360,190500,19.350,123000,19.340,71400,19.330,56460,19.380,286100,19.390,40200,19.400,11600,19.410,41000,19.420,2017-05-26,16:35:03
000065,北方国际,23.230,23.200,23.670,24.070,23.020,23.670,23.680,9624530,228363967.440,20800,23.670,7100,23.660,29200,23.650,100,23.640,3300,23.630,3800,23.680,34025,23.690,1700,23.700,26200,23.710,3400,23.720,2017-05-26,16:35:03
000066,中国长城,8.400,8.400,8.380,8.480,8.330,8.370,8.380,21626548,181276187.520,106600,8.370,224575,8.360,180359,8.350,71078,8.340,70200,8.330,115959,8.380,191200,8.390,105184,8.400,56400,8.410,204700,8.420,2017-05-26,16:35:03
000068,华控赛格,7.260,7.310,7.260,7.400,7.200,7.250,7.260,5660115,41214593.090,97900,7.250,82300,7.240,68300,7.230,7600,7.220,39900,7.210,36700,7.260,4900,7.270,14400,7.280,28900,7.290,44000,7.300,2017-05-26,16:35:03
000069,华侨城Ａ,8.830,8.820,8.750,8.930,8.710,8.750,8.760,35483785,312639781.550,14305,8.750,107700,8.740,60168,8.730,47900,8.720,71500,8.710,32500,8.760,37100,8.770,54600,8.780,23600,8.790,84500,8.800,2017-05-26,16:35:03
000070,特发信息,20.810,20.870,20.810,20.980,20.710,20.810,20.850,764325,15953456.700,13400,20.810,6100,20.800,8200,20.790,2500,20.780,1400,20.760,2000,20.850,2000,20.860,12300,20.870,200,20.880,6500,20.890,2017-05-26,16:35:03
000078,海王生物,5.960,5.930,5.940,6.100,5.900,5.940,5.950,14253604,85433262.340,8300,5.940,99800,5.930,144800,5.920,27100,5.910,273600,5.900,154439,5.950,115800,5.960,110653,5.970,150700,5.980,527500,5.990,2017-05-26,16:35:03
000088,盐 田 港,9.480,9.440,9.360,9.690,9.320,9.350,9.360,27256842,259462121.310,81900,9.350,111500,9.340,71600,9.330,52800,9.320,48300,9.310,154582,9.360,65000,9.370,44400,9.380,10200,9.390,52600,9.400,2017-05-26,16:35:03
000089,深圳机场,8.750,8.760,9.040,9.070,8.750,9.030,9.040,12309330,109868510.170,22000,9.030,4500,9.020,4300,9.010,42200,9.000,21100,8.990,98005,9.040,225600,9.050,182100,9.060,103097,9.070,119800,9.080,2017-05-26,16:35:03
000090,天健集团,10.470,10.480,10.390,10.740,10.360,10.390,10.400,21984293,231585211.030,41800,10.390,39400,10.380,72300,10.370,122500,10.360,121500,10.350,180762,10.400,8400,10.410,44500,10.420,23700,10.430,12700,10.440,2017-05-26,16:35:03
000096,广聚能源,14.800,14.790,14.800,15.050,14.660,14.800,14.810,791961,11784393.840,3900,14.800,16200,14.790,3000,14.780,800,14.760,2200,14.750,23400,14.810,17200,14.820,400,14.840,4500,14.850,7100,14.860,2017-05-26,16:35:03
000099,中信海直,0.000,11.260,0.000,0.000,0.000,0.000,0.000,0,0.000,0,0.000,0,0.000,0,0.000,0,0.000,0,0.000,0,0.000,0,0.000,0,0.000,0,0.000,0,0.000,2017-05-26,16:35:03
000100,TCL 集团,0.000,3.510,0.000,0.000,0.000,0.000,0.000,0,0.000,0,0.000,0,0.000,0,0.000,0,0.000,0,0.000,0,0.000,0,0.000,0,0.000,0,0.000,0,0.000,2017-05-26,16:35:03
000150,宜华健康,26.000,25.780,25.790,26.100,25.620,25.680,25.790,1039134,26718184.230,9100,25.680,4600,25.670,4500,25.660,5300,25.650,3100,25.640,11435,25.790,13901,25.800,200,25.810,900,25.820,3400,25.840,2017-05-26,16:35:03
000151,中成股份,18.600,18.700,19.580,19.850,18.560,19.570,19.580,16158756,310584677.580,8200,19.570,44400,19.560,21900,19.550,4300,19.540,14600,19.530,65500,19.580,20800,19.590,47700,19.600,3900,19.610,55700,19.620,2017-05-26,16:35:03
000153,丰原药业,0.000,12.520,0.000,0.000,0.000,0.000,0.000,0,0.000,0,0.000,0,0.000,0,0.000,0,0.000,0,0.000,0,0.000,0,0.000,0,0.000,0,0.000,0,0.000,2017-05-26,16:35:03
000155,*ST川化,0.000,10.270,0.000,0.000,0.000,0.000,0.000,0,0.000,0,0.000,0,0.000,0,0.000,0,0.000,0,0.000,0,0.000,0,0.000,0,0.000,0,0.000,0,0.000,2016-05-09,16:00:57
000156,华数传媒,14.530,14.540,14.560,14.620,14.420,14.560,14.570,2538458,36958464.360,57200,14.560,14500,14.550,26350,14.540,5800,14.530,16000,14.520,12200,14.570,9881,14.580,4600,14.590,18801,14.600,13700,14.610,2017-05-26,16:35:03
000157,中联重科,4.390,4.390,4.390,4.460,4.370,4.380,4.390,41060815,180975373.200,827100,4.380,633900,4.370,538600,4.360,603100,4.350,265300,4.340,74361,4.390,546597,4.400,536700,4.410,854205,4.420,824872,4.430,2017-05-26,16:35:03
000158,常山股份,15.700,16.000,15.680,16.370,15.590,15.680,15.690,73261000,1163140657.240,119000,15.680,45900,15.670,48600,15.660,102100,15.650,128700,15.640,47900,15.690,95100,15.700,96400,15.710,90400,15.720,19300,15.730,2017-05-26,16:35:03
000159,国际实业,6.670,6.680,6.650,6.740,6.640,6.640,6.650,5715090,38197911.290,85200,6.640,29400,6.630,16500,6.620,24900,6.610,34900,6.600,42900,6.650,27900,6.660,49600,6.670,17500,6.680,15400,6.690,2017-05-26,16:35:03
000166,申万宏源,5.620,5.640,5.630,5.670,5.580,5.630,5.640,43594933,245009981.330,252100,5.630,308515,5.620,323600,5.610,421500,5.600,449615,5.590,198084,5.640,430021,5.650,779485,5.660,767410,5.670,630055,5.680,2017-05-26,16:35:03
000301,东方市场,0.000,5.100,0.000,0.000,0.000,0.000,0.000,0,0.000,0,0.000,0,0.000,0,0.000,0,0.000,0,0.000,0,0.000,0,0.000,0,0.000,0,0.000,0,0.000,2017-05-26,16:35:03
000333,美的集团,35.310,35.330,35.670,35.940,35.310,35.660,35.670,32801198,1170518543.530,20200,35.660,21111,35.650,42891,35.640,59250,35.630,4400,35.620,32143,35.670,51969,35.680,58600,35.690,49440,35.700,4500,35.710,2017-05-26,16:35:03
000338,潍柴动力,11.080,11.110,11.190,11.260,11.060,11.190,11.200,20060302,224605376.930,80024,11.190,105700,11.180,30700,11.170,65696,11.160,65700,11.150,86500,11.200,141799,11.210,245795,11.220,406779,11.230,803150,11.240,2017-05-26,16:35:03
000400,许继电气,16.320,16.360,16.310,16.460,16.230,16.310,16.320,5594085,91409438.950,14400,16.310,187565,16.300,22700,16.290,72430,16.280,88800,16.270,25500,16.320,24200,16.330,8000,16.340,32221,16.350,1700,16.360,2017-05-26,16:35:03
000401,冀东水泥,17.240,17.140,17.120,17.570,17.090,17.110,17.120,62924298,1091244471.730,59600,17.110,27100,17.100,17300,17.090,42600,17.080,7500,17.070,209476,17.120,31400,17.130,140163,17.140,36100,17.150,77100,17.160,2017-05-26,16:35:03
000402,金 融 街,11.870,11.810,11.740,12.080,11.680,11.740,11.750,18492748,219905242.310,6058,11.740,131400,11.730,46500,11.720,18500,11.710,52200,11.700,227616,11.750,13700,11.770,19000,11.780,41300,11.790,28700,11.800,2017-05-26,16:35:03
000403,ST生化,26.800,26.760,26.880,26.960,26.660,26.870,26.880,1160998,31113085.110,5760,26.870,600,26.850,900,26.830,8643,26.820,2700,26.810,500,26.880,2000,26.890,400,26.900,300,26.910,4800,26.920,2017-05-26,16:35:03
000404,华意压缩,0.000,8.580,0.000,0.000,0.000,0.000,0.000,0,0.000,0,0.000,0,0.000,0,0.000,0,0.000,0,0.000,0,0.000,0,0.000,0,0.000,0,0.000,0,0.000,2017-05-26,16:35:03
000407,胜利股份,8.800,8.810,9.010,9.140,8.790,9.010,9.020,7533665,68069108.600,59200,9.010,88500,9.000,26300,8.990,22000,8.980,8200,8.970,27500,9.020,5000,9.030,5400,9.040,58400,9.050,118200,9.060,2017-05-26,16:35:03
000408,金谷源,13.620,13.480,13.360,13.740,13.110,13.350,13.360,1929146,25791023.540,5000,13.350,13700,13.340,6400,13.330,13200,13.320,8600,13.310,2600,13.360,2300,13.380,700,13.390,2000,13.400,800,13.410,2017-05-26,16:35:03
000409,山东地矿,9.800,9.800,9.700,9.950,9.650,9.700,9.710,5719960,56015889.540,95135,9.700,14253,9.690,18800,9.680,8600,9.670,22466,9.660,24499,9.710,12623,9.720,22900,9.730,19400,9.740,22870,9.750,2017-05-26,16:35:03
000410,*ST沈机,6.710,6.690,6.700,6.710,6.650,6.690,6.700,3971931,26523509.800,148395,6.690,16500,6.680,32700,6.670,44300,6.660,26899,6.650,139800,6.700,71100,6.710,62800,6.720,67700,6.730,27900,6.740,2017-05-26,16:35:03
000411,英特集团,20.860,20.480,21.020,21.100,20.470,21.000,21.020,614944,12831550.880,26117,21.000,1000,20.870,400,20.850,1500,20.830,200,20.820,2700,21.020,1000,21.030,2200,21.040,4950,21.050,3800,21.060,2017-05-26,16:35:03
000413,东旭光电,9.960,9.990,10.140,10.160,9.910,10.130,10.140,46615418,466718091.930,128000,10.130,152854,10.120,114638,10.110,134200,10.100,140700,10.090,1264651,10.140,622075,10.150,529500,10.160,236800,10.170,346800,10.180,2017-05-26,16:35:03
000415,渤海金控,6.450,6.460,6.500,6.510,6.420,6.490,6.500,17690680,114633138.330,113579,6.490,14109,6.480,192500,6.470,102200,6.460,96500,6.450,653219,6.500,408500,6.510,226700,6.520,187800,6.530,205400,6.540,2017-05-26,16:35:03
000416,民生控股,7.650,7.650,7.710,7.770,7.610,7.700,7.710,2246857,17304491.610,3700,7.700,2600,7.690,10500,7.680,15300,7.670,26700,7.660,4600,7.710,68500,7.720,64300,7.730,38200,7.740,72700,7.750,2017-05-26,16:35:03
000417,合肥百货,7.990,8.020,8.000,8.050,7.980,7.990,8.000,2746261,22030163.030,13800,7.990,32500,7.980,1500,7.970,23200,7.960,10900,7.950,44279,8.000,19639,8.010,8100,8.020,141500,8.030,65500,8.040,2017-05-26,16:35:03
000418,小天鹅Ａ,46.440,46.400,46.680,47.130,46.110,46.670,46.680,1752266,81738404.930,500,46.670,9300,46.660,4200,46.650,1500,46.630,600,46.610,3800,46.680,12200,46.690,2700,46.700,400,46.710,800,46.730,2017-05-26,16:35:03
000419,通程控股,6.830,6.830,6.760,6.850,6.740,6.760,6.770,3410746,23186678.480,52200,6.760,26200,6.750,19100,6.740,15500,6.730,18300,6.720,1400,6.770,13300,6.780,35400,6.790,11398,6.800,20000,6.810,2017-05-26,16:35:03
000420,吉林化纤,3.100,3.100,3.070,3.110,3.060,3.070,3.080,7733530,23812068.800,130700,3.070,313600,3.060,228900,3.050,214800,3.040,165800,3.030,17700,3.080,219800,3.090,279560,3.100,398200,3.110,132900,3.120,2017-05-26,16:35:03
000421,南京公用,7.080,7.080,7.010,7.110,7.000,7.010,7.020,1754487,12364925.440,26887,7.010,39100,7.000,18600,6.990,8600,6.980,3300,6.970,1900,7.020,7900,7.030,3100,7.040,3500,7.050,5000,7.060,2017-05-26,16:35:03
000422,湖北宜化,5.690,5.720,5.650,5.730,5.620,5.650,5.660,17490794,99197165.640,143700,5.650,106100,5.640,152979,5.630,111300,5.620,163700,5.610,235505,5.660,117500,5.670,135100,5.680,133700,5.690,475900,5.700,2017-05-26,16:35:03
000423,东阿阿胶,66.560,66.550,66.040,66.980,65.570,66.030,66.040,7014208,462960738.510,1800,66.030,10807,66.010,14000,66.000,700,65.990,5900,65.980,2300,66.040,14200,66.050,1600,66.070,12700,66.080,52200,66.090,2017-05-26,16:35:03
000425,徐工机械,3.370,3.380,3.370,3.410,3.360,3.360,3.370,40644363,137394594.850,1529437,3.360,1360800,3.350,790400,3.340,620300,3.330,264400,3.320,9427,3.370,854203,3.380,1319300,3.390,1826918,3.400,1508000,3.410,2017-05-26,16:35:03
000426,兴业矿业,7.930,7.880,7.880,8.050,7.870,7.880,7.890,6695331,53217211.460,141898,7.880,202200,7.870,53800,7.860,47900,7.850,8800,7.840,20900,7.890,98428,7.900,72000,7.910,23700,7.920,30400,7.930,2017-05-26,16:35:03
000428,华天酒店,5.060,5.060,5.060,5.090,5.040,5.050,5.060,4340514,21982346.700,78714,5.050,66200,5.040,17900,5.030,34800,5.020,13400,5.010,144100,5.060,62800,5.070,178900,5.080,113700,5.090,54200,5.100,2017-05-26,16:35:03
000429,粤高速Ａ,8.580,8.560,8.500,8.670,8.490,8.500,8.510,13876626,118789772.980,60324,8.500,45200,8.490,38400,8.480,14200,8.470,53300,8.460,45700,8.510,36487,8.520,6600,8.530,41700,8.540,77500,8.550,2017-05-26,16:35:03
000430,张家界,10.130,10.130,10.270,10.360,10.030,10.260,10.270,3793002,38726326.540,800,10.260,5000,10.250,4700,10.240,5164,10.220,6202,10.210,25994,10.270,17136,10.280,7400,10.300,1000,10.310,25800,10.320,2017-05-26,16:35:03
000488,晨鸣纸业,11.530,11.550,11.540,11.600,11.450,11.540,11.550,14850137,171229685.660,29500,11.540,119089,11.530,97367,11.520,37800,11.510,213700,11.500,105300,11.550,167000,11.560,403354,11.570,368200,11.580,75000,11.590,2017-05-26,16:35:03
000498,山东路桥,6.840,6.800,6.750,6.840,6.720,6.750,6.760,3136000,21226327.200,42600,6.750,8500,6.740,40200,6.730,46500,6.720,3200,6.710,28700,6.760,24400,6.770,26500,6.780,149600,6.790,122700,6.800,2017-05-26,16:35:03
000501,鄂武商Ａ,20.880,20.850,21.150,21.170,20.820,21.110,21.150,4508223,94858705.290,80700,21.110,9800,21.100,600,21.070,5300,21.060,20100,21.050,12903,21.150,4592,21.160,7200,21.170,6700,21.180,21900,21.190,2017-05-26,16:35:03
000502,绿景控股,0.000,14.070,0.000,0.000,0.000,0.000,0.000,0,0.000,0,0.000,0,0.000,0,0.000,0,0.000,0,0.000,0,0.000,0,0.000,0,0.000,0,0.000,0,0.000,2017-05-26,16:35:03
000503,海虹控股,0.000,24.930,0.000,0.000,0.000,0.000,0.000,0,0.000,0,0.000,0,0.000,0,0.000,0,0.000,0,0.000,0,0.000,0,0.000,0,0.000,0,0.000,0,0.000,2017-05-26,16:35:03
000504,南华生物,20.660,21.020,20.620,21.000,20.350,20.610,20.620,7334036,151596759.890,5300,20.610,37065,20.600,2000,20.590,3100,20.580,3900,20.560,666,20.620,7200,20.630,1200,20.640,4999,20.650,3000,20.660,2017-05-26,16:35:03
000505,珠江控股,9.940,9.960,9.910,9.950,9.850,9.910,9.920,2549065,25205962.260,9700,9.910,6400,9.900,5300,9.890,100,9.880,9400,9.870,28500,9.920,24900,9.930,35551,9.940,28100,9.950,11600,9.960,2017-05-26,16:35:03
000506,中润资源,0.000,8.750,0.000,0.000,0.000,0.000,0.000,0,0.000,0,0.000,0,0.000,0,0.000,0,0.000,0,0.000,0,0.000,0,0.000,0,0.000,0,0.000,0,0.000,2017-05-26,16:35:03
000507,珠海港,9.850,9.850,9.670,10.250,9.650,9.660,9.670,76970967,765532762.810,291828,9.660,263300,9.650,36000,9.640,30400,9.630,30200,9.620,20900,9.670,118100,9.680,84800,9.690,112500,9.700,41600,9.710,2017-05-26,16:35:03
000509,华塑控股,6.200,6.220,6.450,6.540,6.170,6.450,6.460,12430022,79550307.090,40900,6.450,242900,6.440,11100,6.430,10000,6.420,17000,6.410,204600,6.460,86400,6.470,81800,6.480,112800,6.490,190895,6.500,2017-05-26,16:35:03
000510,金路集团,7.860,7.930,7.910,7.990,7.860,7.910,7.920,3756601,29745796.300,34600,7.910,38300,7.900,70300,7.890,14100,7.880,19200,7.870,82893,7.920,75200,7.930,63700,7.940,82000,7.950,48300,7.960,2017-05-26,16:35:03
000511,*ST烯碳,0.000,5.270,0.000,0.000,0.000,0.000,0.000,0,0.000,0,0.000,0,0.000,0,0.000,0,0.000,0,0.000,0,0.000,0,0.000,0,0.000,0,0.000,0,0.000,2017-05-26,16:35:03
000513,丽珠集团,61.300,61.170,61.150,61.970,61.000,61.150,61.270,1431544,88022553.280,1600,61.150,3400,61.140,7200,61.110,6042,61.100,100,61.090,2780,61.270,1300,61.290,4000,61.300,2900,61.400,600,61.430,2017-05-26,16:35:03
000514,渝 开 发,7.200,7.220,7.180,7.260,7.160,7.170,7.180,5014624,36160089.340,90600,7.170,77300,7.160,100000,7.150,64900,7.140,24300,7.130,45553,7.180,57011,7.190,73700,7.200,46200,7.210,29600,7.220,2017-05-26,16:35:03
000516,国际医学,5.510,5.500,5.450,5.530,5.440,5.450,5.460,19619653,107499211.630,64094,5.450,392468,5.440,177600,5.430,86000,5.420,223600,5.410,554300,5.460,308553,5.470,221400,5.480,200983,5.490,329700,5.500,2017-05-26,16:35:03
000517,荣安地产,4.510,4.510,4.480,4.520,4.450,4.480,4.490,5801592,25976717.220,11900,4.480,18400,4.470,20000,4.460,85400,4.450,146400,4.440,10600,4.490,55700,4.500,87500,4.510,170800,4.520,54200,4.530,2017-05-26,16:35:03
000518,四环生物,6.980,6.980,7.020,7.100,6.980,7.010,7.020,2151371,15191578.590,21399,7.010,17581,7.000,14700,6.990,26100,6.980,32300,6.970,13000,7.020,7800,7.030,700,7.040,8400,7.050,12985,7.060,2017-05-26,16:35:03
000519,中兵红箭,12.330,12.320,12.280,12.450,12.240,12.280,12.290,11383709,140395608.700,20222,12.280,49400,12.270,25000,12.260,39300,12.250,14200,12.240,19600,12.290,83800,12.300,3100,12.310,32283,12.320,47600,12.330,2017-05-26,16:35:03
000520,长航凤凰,5.780,5.760,5.760,5.830,5.750,5.760,5.770,6438106,37252576.560,21299,5.760,110000,5.750,18200,5.740,46500,5.730,21100,5.720,9800,5.770,34600,5.780,19500,5.790,49200,5.800,57700,5.810,2017-05-26,16:35:03
000521,美菱电器,5.950,5.920,5.970,6.040,5.950,5.960,5.970,3811397,22838658.260,23602,5.960,52500,5.950,32200,5.940,23600,5.930,34300,5.920,55500,5.970,39435,5.980,74900,5.990,117821,6.000,16600,6.010,2017-05-26,16:35:03
000523,广州浪奇,9.670,9.680,9.640,9.760,9.590,9.630,9.640,2188966,21115048.560,23598,9.630,7900,9.620,29900,9.610,99787,9.600,39300,9.590,82600,9.640,106384,9.650,4400,9.660,14700,9.670,24400,9.680,2017-05-26,16:35:03
000524,岭南控股,12.200,12.180,12.150,12.270,12.080,12.140,12.150,865900,10543222.000,18900,12.140,16000,12.130,11700,12.120,12400,12.110,16400,12.100,22400,12.150,2300,12.180,3800,12.190,4100,12.200,11800,12.220,2017-05-26,16:35:03
000525,红 太 阳,15.940,15.980,16.280,16.550,15.940,16.270,16.280,3822997,62506254.210,1600,16.270,7400,16.260,1100,16.250,1800,16.230,3700,16.220,6100,16.280,5400,16.290,7100,16.300,200,16.350,3000,16.360,2017-05-26,16:35:03
000526,*ST紫学,0.000,36.600,0.000,0.000,0.000,0.000,0.000,0,0.000,0,0.000,0,0.000,0,0.000,0,0.000,0,0.000,0,0.000,0,0.000,0,0.000,0,0.000,0,0.000,2017-05-26,16:35:03
000528,柳 工,7.880,7.860,7.820,7.950,7.810,7.820,7.830,7428511,58586614.270,31800,7.820,65838,7.810,63100,7.800,18500,7.790,14900,7.780,12000,7.830,40504,7.840,38628,7.850,103100,7.860,87542,7.870,2017-05-26,16:35:03
000529,广弘控股,9.400,9.440,9.230,9.450,9.160,9.220,9.230,1828285,17054507.040,3200,9.220,12700,9.210,30300,9.200,18800,9.180,1100,9.170,149600,9.230,99200,9.240,3300,9.250,600,9.260,2000,9.270,2017-05-26,16:35:03
000530,大冷股份,9.060,9.060,9.440,9.590,9.020,9.440,9.450,7483560,69994605.170,11100,9.440,3400,9.430,2250,9.410,5100,9.400,3200,9.390,80904,9.450,126375,9.460,104900,9.470,20500,9.480,73500,9.490,2017-05-26,16:35:03
000531,穗恒运Ａ,9.500,9.510,9.450,9.900,9.430,9.440,9.450,3377626,32390472.530,31100,9.440,9000,9.430,13200,9.420,40100,9.410,34500,9.400,9101,9.450,8200,9.470,200,9.480,14700,9.490,12840,9.500,2017-05-26,16:35:03
000532,华金资本,13.850,13.840,13.620,13.990,13.590,13.620,13.630,2116101,29091557.620,9299,13.620,50200,13.610,24100,13.600,7200,13.590,12900,13.580,3500,13.630,1200,13.640,5400,13.650,11500,13.670,12200,13.680,2017-05-26,16:35:03
000533,万 家 乐,10.270,10.250,10.220,10.320,10.170,10.200,10.220,2086104,21328446.800,1000,10.200,14000,10.190,20700,10.180,11000,10.170,21500,10.160,52800,10.220,68500,10.230,33900,10.240,61900,10.250,36200,10.260,2017-05-26,16:35:03
000534,万泽股份,12.690,12.550,12.980,13.090,12.510,12.980,12.990,2515317,32394340.840,800,12.980,200,12.970,6900,12.960,10500,12.950,6700,12.940,5100,12.990,29894,13.000,3200,13.010,13800,13.020,18000,13.030,2017-05-26,16:35:03
000536,华映科技,9.250,9.250,9.240,9.310,9.190,9.240,9.250,3340761,30895173.930,16087,9.240,67470,9.230,14400,9.220,13000,9.210,58400,9.200,14400,9.250,52233,9.260,22000,9.270,17400,9.280,27300,9.290,2017-05-26,16:35:03
000537,广宇发展,7.980,7.970,8.000,8.180,7.910,8.000,8.010,9774133,78780320.230,3300,8.000,3300,7.990,82700,7.980,51500,7.970,3400,7.960,7500,8.010,23100,8.020,150800,8.030,15500,8.040,10100,8.050,2017-05-26,16:35:03
000538,云南白药,89.100,89.100,88.800,89.700,88.060,88.800,88.820,3589931,319292998.970,74005,88.800,900,88.790,700,88.780,300,88.770,16200,88.760,1600,88.820,2100,88.830,800,88.840,2300,88.850,500,88.860,2017-05-26,16:35:03
000539,粤电力Ａ,5.260,5.260,5.280,5.360,5.230,5.270,5.280,5742939,30404182.590,122140,5.270,58721,5.260,68300,5.250,76100,5.240,93800,5.230,84260,5.280,122745,5.290,53600,5.300,26000,5.310,62900,5.320,2017-05-26,16:35:03
000540,中天金融,6.310,6.340,6.370,6.400,6.300,6.360,6.370,17870391,113382749.630,194600,6.360,121900,6.350,187400,6.340,93600,6.330,418300,6.320,224200,6.370,275000,6.380,317450,6.390,557400,6.400,194700,6.410,2017-05-26,16:35:03
000541,佛山照明,9.280,9.300,9.270,9.350,9.250,9.270,9.280,4335238,40358622.850,1900,9.270,99204,9.260,81900,9.250,17300,9.240,15200,9.230,52100,9.280,480529,9.290,22000,9.300,66660,9.310,23073,9.320,2017-05-26,16:35:03
000543,皖能电力,5.560,5.550,5.530,5.570,5.510,5.520,5.530,6417497,35555675.040,340384,5.520,143700,5.510,185100,5.500,42700,5.490,149600,5.480,1500,5.530,136709,5.540,138300,5.550,318900,5.560,384200,5.570,2017-05-26,16:35:03
000544,中原环保,19.140,19.160,19.200,19.350,19.130,19.190,19.200,2683993,51644755.210,12799,19.190,27000,19.180,17500,19.170,12200,19.160,10300,19.150,12100,19.200,9800,19.210,17900,19.220,4300,19.230,9600,19.240,2017-05-26,16:35:03
000545,金浦钛业,5.350,5.350,5.450,5.550,5.320,5.440,5.450,15775121,85442360.540,155100,5.440,55900,5.430,46900,5.420,59400,5.410,154300,5.400,116080,5.450,157700,5.460,130600,5.470,85800,5.480,72000,5.490,2017-05-26,16:35:03
000546,金圆股份,10.490,10.450,10.620,10.710,10.490,10.610,10.620,2733155,28974311.390,19400,10.610,16547,10.600,500,10.580,1000,10.570,10200,10.560,26400,10.620,56300,10.630,15900,10.640,32900,10.650,116100,10.660,2017-05-26,16:35:03
000547,航天发展,9.990,10.000,9.950,10.030,9.880,9.940,9.950,8626880,85762246.060,11000,9.940,74654,9.930,84600,9.920,53700,9.910,123000,9.900,15056,9.950,99000,9.960,27900,9.970,43700,9.980,66900,9.990,2017-05-26,16:35:03
000548,湖南投资,7.230,7.230,7.180,7.270,7.160,7.180,7.190,2773124,20017317.850,8200,7.180,6000,7.170,15894,7.160,28100,7.150,14600,7.140,8600,7.190,63200,7.200,5200,7.210,22600,7.220,45412,7.230,2017-05-26,16:35:03
000550,江铃汽车,19.560,19.500,19.490,19.620,19.440,19.490,19.500,2890717,56392185.470,82812,19.490,18414,19.480,3596,19.470,11900,19.460,26200,19.450,492502,19.500,2000,19.510,7800,19.520,23000,19.530,2000,19.540,2017-05-26,16:35:03
000551,创元科技,8.660,8.630,8.620,8.730,8.610,8.610,8.620,2647789,22940983.910,23600,8.610,214300,8.600,12500,8.580,3800,8.570,8500,8.550,5801,8.620,37474,8.640,22300,8.650,104253,8.660,20326,8.670,2017-05-26,16:35:03
000552,靖远煤电,3.340,3.360,3.340,3.370,3.330,3.330,3.340,8109309,27114949.730,742523,3.330,304900,3.320,107100,3.310,150500,3.300,68600,3.290,186640,3.340,669800,3.350,254700,3.360,374000,3.370,407454,3.380,2017-05-26,16:35:03
000553,沙隆达Ａ,0.000,12.080,0.000,0.000,0.000,0.000,0.000,0,0.000,0,0.000,0,0.000,0,0.000,0,0.000,0,0.000,0,0.000,0,0.000,0,0.000,0,0.000,0,0.000,2017-05-26,16:35:03
000554,泰山石油,9.200,9.250,9.190,9.490,9.100,9.180,9.190,14545266,134921573.930,78078,9.180,41400,9.170,44800,9.160,36900,9.150,17500,9.140,1100,9.190,118900,9.200,16100,9.210,9600,9.220,1600,9.230,2017-05-26,16:35:03
000555,神州信息,16.520,16.110,16.520,17.250,16.500,16.510,16.520,6669012,111767684.450,5900,16.510,36000,16.500,1100,16.480,3300,16.460,600,16.450,15243,16.520,5800,16.540,28900,16.550,56900,16.560,15917,16.570,2017-05-26,16:35:03
000557,西部创业,0.000,5.830,0.000,0.000,0.000,0.000,0.000,0,0.000,0,0.000,0,0.000,0,0.000,0,0.000,0,0.000,0,0.000,0,0.000,0,0.000,0,0.000,0,0.000,2017-05-26,16:35:03
000558,莱茵体育,9.470,9.490,9.500,9.560,9.400,9.490,9.500,4145173,39360794.680,14400,9.490,21329,9.480,11000,9.470,21300,9.460,20244,9.450,45100,9.500,25400,9.510,38400,9.520,19700,9.530,12800,9.540,2017-05-26,16:35:03
000559,万向钱潮,9.410,9.420,9.480,9.510,9.330,9.480,9.490,9849026,92646469.690,124660,9.480,64620,9.470,43700,9.460,29300,9.450,17220,9.440,270520,9.490,234200,9.500,209357,9.510,161600,9.520,63340,9.530,2017-05-26,16:35:03
000560,昆百大Ａ,8.370,8.380,8.390,8.520,8.330,8.370,8.390,2379301,19991688.930,1000,8.370,300,8.350,8800,8.340,17700,8.330,13800,8.320,7291,8.390,29000,8.400,9500,8.410,13200,8.420,3800,8.430,2017-05-26,16:35:03
000561,烽火电子,9.450,9.440,9.400,9.540,9.350,9.390,9.400,4068400,38379086.150,51000,9.390,58600,9.380,11200,9.370,16500,9.360,16200,9.350,112000,9.400,51200,9.410,7700,9.420,6200,9.430,13000,9.440,2017-05-26,16:35:03
000563,陕国投Ａ,4.730,4.740,4.730,4.780,4.710,4.730,4.740,20774287,98625848.900,188972,4.730,388000,4.720,514800,4.710,276500,4.700,127100,4.690,171592,4.740,323200,4.750,298790,4.760,298400,4.770,419500,4.780,2017-05-26,16:35:03
000564,供销大集,6.520,6.620,6.590,6.660,6.520,6.590,6.600,1881224,12420113.910,22900,6.590,17800,6.580,11700,6.570,4100,6.560,17500,6.550,18950,6.600,17800,6.610,27800,6.620,41200,6.630,17100,6.640,2017-05-26,16:35:03
000565,渝三峡Ａ,9.500,9.520,9.530,9.640,9.430,9.520,9.530,4437545,42308712.680,55300,9.520,20600,9.510,6100,9.500,8200,9.490,26200,9.480,21700,9.530,4900,9.540,11500,9.550,14400,9.560,13900,9.570,2017-05-26,16:35:03
000566,海南海药,13.500,13.470,13.540,13.580,13.470,13.530,13.540,12099465,163590270.500,1053900,13.530,27900,13.520,21400,13.510,31700,13.500,5400,13.490,8900,13.540,96818,13.550,34100,13.560,51300,13.570,105900,13.580,2017-05-26,16:35:03
000567,海德股份,21.980,22.060,22.100,22.250,21.710,22.070,22.100,1952443,42938430.370,1400,22.070,200,22.060,2200,22.050,1500,22.030,6300,22.020,37801,22.100,5700,22.110,25500,22.120,4600,22.130,5900,22.150,2017-05-26,16:35:03
000568,泸州老窖,48.600,48.350,48.530,48.740,47.500,48.520,48.530,4802450,231145937.890,29900,48.520,17300,48.510,300,48.500,18800,48.490,5300,48.480,24757,48.530,4958,48.540,6300,48.550,18000,48.560,3200,48.570,2017-05-26,16:35:03
000570,苏常柴Ａ,6.780,6.820,6.750,6.830,6.730,6.750,6.760,2883806,19539394.680,25400,6.750,18700,6.740,45500,6.730,35900,6.720,104300,6.710,10400,6.760,25100,6.770,2000,6.780,20500,6.790,16100,6.800,2017-05-26,16:35:03
000571,新大洲Ａ,0.000,8.110,0.000,0.000,0.000,0.000,0.000,0,0.000,0,0.000,0,0.000,0,0.000,0,0.000,0,0.000,0,0.000,0,0.000,0,0.000,0,0.000,0,0.000,2017-05-26,16:35:03
000572,海马汽车,5.100,5.150,5.100,5.190,5.080,5.090,5.100,8072598,41446687.530,30602,5.090,79400,5.080,80800,5.070,81900,5.060,137400,5.050,29200,5.100,59100,5.110,52000,5.120,22300,5.130,49700,5.140,2017-05-26,16:35:03
000573,粤宏远Ａ,6.500,6.500,6.550,6.780,6.370,6.550,6.560,23097007,151671846.470,95809,6.550,81000,6.540,79003,6.530,58300,6.520,85900,6.510,61500,6.560,36800,6.570,131501,6.580,79400,6.590,598990,6.600,2017-05-26,16:35:03
000576,广东甘化,16.180,16.880,16.880,16.980,15.700,16.870,16.880,11104724,179854222.040,700,16.870,2900,16.860,2000,16.780,5300,16.750,3000,16.700,164100,16.880,100967,16.890,19200,16.900,7100,16.910,2900,16.930,2017-05-26,16:35:03
000581,威孚高科,21.770,21.800,21.750,22.050,21.580,21.750,21.760,6674419,145613166.120,9564,21.750,500,21.740,2600,21.730,2000,21.720,3100,21.710,31700,21.760,16200,21.770,3300,21.790,12600,21.800,10800,21.810,2017-05-26,16:35:03
000582,北部湾港,11.800,11.890,11.480,11.980,11.400,11.480,11.490,11916704,139681376.600,30010,11.480,32800,11.470,18312,11.460,40600,11.450,11670,11.440,40760,11.490,55510,11.500,31300,11.510,5170,11.520,19480,11.530,2017-05-26,16:35:03
000584,友利控股,11.710,11.700,11.700,11.790,11.580,11.690,11.700,4580203,53439417.890,28300,11.690,28600,11.680,1700,11.670,9300,11.660,23500,11.650,2200,11.700,40700,11.710,29300,11.720,2900,11.730,23500,11.740,2017-05-26,16:35:03
000585,东北电气,6.450,6.440,6.440,6.490,6.410,6.440,6.450,2627800,16943955.980,4500,6.440,24300,6.430,20700,6.420,22400,6.410,26300,6.400,600,6.450,99701,6.460,27100,6.470,153200,6.480,80100,6.490,2017-05-26,16:35:03
000586,汇源通信,19.350,18.920,19.850,19.960,19.070,19.840,19.850,1152161,22467495.570,2500,19.840,3800,19.830,900,19.820,100,19.800,1700,19.730,200,19.850,96300,19.900,22200,19.920,2900,19.930,7000,19.940,2017-05-26,16:35:03
000587,金洲慈航,14.910,14.900,14.910,14.950,14.600,14.910,14.920,5841767,86327007.540,122700,14.910,30000,14.890,50000,14.880,1800,14.850,23900,14.840,21100,14.920,23300,14.930,109300,14.940,77657,14.950,37300,14.960,2017-05-26,16:35:03
000589,黔轮胎Ａ,5.290,5.310,5.280,5.340,5.270,5.270,5.280,4290869,22733618.020,64100,5.270,83000,5.260,104300,5.250,89400,5.240,116200,5.230,32969,5.280,41700,5.290,64469,5.300,70882,5.310,112900,5.320,2017-05-26,16:35:03
000590,启迪古汉,16.760,16.760,16.550,16.800,16.410,16.530,16.550,848295,14085419.730,7500,16.530,4900,16.520,6600,16.510,7700,16.500,8600,16.490,5700,16.550,1400,16.580,1900,16.590,3500,16.600,600,16.640,2017-05-26,16:35:03
000591,太阳能,12.480,12.250,12.600,13.200,12.350,12.590,12.600,9986596,127013178.970,28700,12.590,18100,12.580,4000,12.570,17200,12.560,21000,12.550,7100,12.600,4000,12.610,10200,12.620,7100,12.630,14889,12.640,2017-05-26,16:35:03
000592,平潭发展,5.260,5.230,5.280,5.330,5.170,5.280,5.290,13206070,68982744.920,225600,5.280,275000,5.270,76200,5.260,15700,5.250,26600,5.240,130500,5.290,168100,5.300,152060,5.310,122200,5.320,67400,5.330,2017-05-26,16:35:03
000593,大通燃气,8.890,8.870,8.800,9.020,8.770,8.800,8.810,6708869,59768034.890,14900,8.800,25100,8.790,29200,8.780,8498,8.770,48900,8.760,24700,8.810,3600,8.820,6000,8.830,8600,8.840,10400,8.850,2017-05-26,16:35:03
000595,*ST宝实,4.230,4.310,4.180,4.260,4.140,4.180,4.190,26437760,111069680.440,398598,4.180,98200,4.170,100400,4.160,111100,4.150,211600,4.140,105900,4.190,305800,4.200,103700,4.210,150100,4.220,190900,4.230,2017-05-26,16:35:03
000596,古井贡酒,47.840,47.390,47.890,48.500,47.700,47.890,47.900,2808025,135320306.960,4400,47.890,7700,47.880,1579,47.850,500,47.830,200,47.820,600,47.900,5500,47.920,500,47.930,2400,47.940,1600,47.950,2017-05-26,16:35:03
000597,东北制药,10.680,10.700,10.670,10.820,10.600,10.670,10.690,5110512,54786284.340,4396,10.670,4500,10.660,13000,10.650,20000,10.640,15300,10.630,3000,10.690,19700,10.710,27100,10.720,900,10.730,44500,10.740,2017-05-26,16:35:03
000598,兴蓉环境,5.530,5.540,5.500,5.560,5.490,5.490,5.500,11073800,61184207.000,266100,5.490,281900,5.480,135900,5.470,175100,5.460,90500,5.450,80156,5.500,150462,5.510,163882,5.520,131667,5.530,205300,5.540,2017-05-26,16:35:03
000599,青岛双星,6.350,6.370,6.360,6.380,6.310,6.360,6.370,3790786,24094394.160,62627,6.360,156200,6.350,116600,6.340,48840,6.330,37900,6.320,79100,6.370,85600,6.380,45800,6.390,295000,6.400,327500,6.410,2017-05-26,16:35:03
000600,建投能源,13.430,13.810,13.360,13.970,13.310,13.360,13.370,119653475,1626394714.880,133900,13.360,559643,13.350,98000,13.340,163300,13.330,103600,13.320,33600,13.370,18900,13.380,19500,13.390,78500,13.400,32600,13.410,2017-05-26,16:35:03
000601,韶能股份,6.530,6.540,6.510,6.630,6.500,6.510,6.520,5905209,38699441.240,1300,6.510,213679,6.500,31200,6.490,70800,6.480,25000,6.470,14500,6.520,2500,6.530,17200,6.540,33000,6.550,17300,6.560,2017-05-26,16:35:03
000603,盛达矿业,12.000,12.020,12.230,12.320,11.990,12.220,12.230,4115447,50208268.010,90200,12.220,11500,12.210,11700,12.200,4900,12.190,6400,12.180,80641,12.230,57200,12.240,8400,12.250,13300,12.260,8500,12.270,2017-05-26,16:35:03
000605,渤海股份,30.330,30.650,30.120,31.460,29.890,30.110,30.120,16033213,493476641.660,4400,30.110,8500,30.100,100,30.090,1100,30.080,1200,30.070,33600,30.120,11300,30.150,2000,30.160,8200,30.180,9900,30.190,2017-05-26,16:35:03
000606,神州易桥,9.550,9.530,9.770,10.200,9.450,9.770,9.780,4365891,42846753.640,41900,9.770,15300,9.760,16488,9.750,34400,9.740,11800,9.720,700,9.780,5700,9.790,7900,9.800,2100,9.810,6300,9.820,2017-05-26,16:35:03
000607,华媒控股,7.100,7.100,7.080,7.150,7.040,7.080,7.090,3522800,25002058.680,190500,7.080,43300,7.070,24600,7.060,71500,7.050,50900,7.040,55800,7.090,86700,7.100,50300,7.110,37900,7.120,44700,7.130,2017-05-26,16:35:03
000608,阳光股份,8.660,8.620,8.620,8.710,8.550,8.610,8.620,4996113,43157210.910,72518,8.610,12500,8.600,9800,8.590,38500,8.580,2700,8.570,46700,8.620,18460,8.630,40100,8.640,2500,8.650,6500,8.660,2017-05-26,16:35:03
000609,绵石投资,14.000,13.870,13.910,14.140,13.850,13.910,13.920,1178101,16446657.870,8700,13.910,5000,13.890,13600,13.880,18500,13.870,8000,13.860,5800,13.920,10300,13.930,2200,13.940,200,13.950,8900,13.960,2017-05-26,16:35:03
000610,西安旅游,0.000,11.450,0.000,0.000,0.000,0.000,0.000,0,0.000,0,0.000,0,0.000,0,0.000,0,0.000,0,0.000,0,0.000,0,0.000,0,0.000,0,0.000,0,0.000,2017-05-26,16:35:03
000611,*ST天首,0.000,10.050,0.000,0.000,0.000,0.000,0.000,0,0.000,0,0.000,0,0.000,0,0.000,0,0.000,0,0.000,0,0.000,0,0.000,0,0.000,0,0.000,0,0.000,2017-05-26,16:35:03
000612,焦作万方,7.720,7.740,8.000,8.080,7.660,8.000,8.010,6630976,52686816.650,53999,8.000,10500,7.990,2600,7.980,4200,7.970,5000,7.960,41800,8.010,48000,8.020,50500,8.030,89200,8.040,57400,8.050,2017-05-26,16:35:03
000613,*ST东海A,0.000,15.040,0.000,0.000,0.000,0.000,0.000,0,0.000,0,0.000,0,0.000,0,0.000,0,0.000,0,0.000,0,0.000,0,0.000,0,0.000,0,0.000,0,0.000,2017-05-26,16:35:03
000615,京汉股份,16.470,16.350,15.930,16.980,15.800,15.930,15.940,49903803,824416794.320,517400,15.930,234700,15.920,89400,15.910,67300,15.900,58600,15.890,30400,15.940,41500,15.950,71300,15.960,5000,15.970,20700,15.980,2017-05-26,16:35:03
000616,海航投资,4.280,4.330,4.270,4.360,4.260,4.270,4.290,14457573,62239006.710,176220,4.270,104400,4.260,114900,4.250,22200,4.240,34400,4.230,64100,4.290,81801,4.300,55600,4.310,71900,4.320,95500,4.330,2017-05-26,16:35:03
000617,中油资本,15.300,15.310,15.190,15.390,15.130,15.190,15.200,1944960,29660084.600,80400,15.190,25900,15.180,13700,15.170,8400,15.160,6800,15.150,8300,15.200,800,15.210,1700,15.220,12000,15.230,10500,15.250,2017-05-26,16:35:03
000619,海螺型材,9.320,9.230,9.450,9.640,9.160,9.450,9.460,4866768,45809212.810,3200,9.450,10800,9.440,20500,9.430,34400,9.420,43800,9.410,4900,9.460,5200,9.470,7800,9.480,15600,9.490,23900,9.500,2017-05-26,16:35:03
000620,新华联,7.220,7.280,7.230,7.280,7.150,7.230,7.250,2528324,18200461.890,3800,7.230,8200,7.210,99900,7.200,7136,7.190,24000,7.180,68400,7.250,21900,7.260,33700,7.270,18800,7.280,14900,7.290,2017-05-26,16:35:03
000622,恒立实业,6.200,6.200,6.210,6.420,6.130,6.210,6.220,4377103,27424456.600,8200,6.210,66597,6.200,6300,6.190,16100,6.180,11000,6.170,11300,6.220,2800,6.230,7700,6.240,12300,6.250,12000,6.260,2017-05-26,16:35:03
000623,吉林敖东,28.000,28.160,28.100,28.300,27.930,28.090,28.100,7823238,219943521.680,8300,28.090,15900,28.080,1968,28.070,7800,28.060,700,28.050,144883,28.100,10000,28.110,34200,28.120,5532,28.130,5700,28.140,2017-05-26,16:35:03
000625,长安汽车,14.090,14.090,14.130,14.250,14.060,14.120,14.130,21096991,298865657.550,25574,14.120,160700,14.110,604800,14.100,52200,14.090,166700,14.080,64800,14.130,49900,14.140,89100,14.150,109100,14.160,81100,14.170,2017-05-26,16:35:03
000626,远大控股,15.970,15.750,15.810,16.000,15.730,15.800,15.810,1653492,26240709.480,14900,15.800,3000,15.790,200,15.780,2100,15.770,20500,15.760,7402,15.810,1700,15.830,7500,15.840,7000,15.850,14400,15.860,2017-05-26,16:35:03
000627,天茂集团,7.210,7.260,7.230,7.290,7.080,7.230,7.240,21278302,153043680.160,20357,7.230,255400,7.220,205000,7.210,193600,7.200,85000,7.190,114000,7.240,135300,7.250,119545,7.260,272800,7.270,136000,7.280,2017-05-26,16:35:03
000628,高新发展,9.120,9.190,9.180,9.290,9.110,9.180,9.190,3851031,35368220.960,27800,9.180,5700,9.160,17565,9.150,10300,9.140,4300,9.130,4100,9.190,6200,9.200,22324,9.210,35500,9.220,12400,9.240,2017-05-26,16:35:03
000629,*ST钒钛,0.000,3.070,0.000,0.000,0.000,0.000,0.000,0,0.000,0,0.000,0,0.000,0,0.000,0,0.000,0,0.000,0,0.000,0,0.000,0,0.000,0,0.000,0,0.000,2017-05-04,16:35:03
000630,铜陵有色,2.680,2.690,2.690,2.710,2.680,2.680,2.690,62881505,169578931.960,2562400,2.680,1602000,2.670,1062000,2.660,1756400,2.650,539400,2.640,1653858,2.690,3358288,2.700,4634585,2.710,3337000,2.720,2190600,2.730,2017-05-26,16:35:03
000631,顺发恒业,4.410,4.290,4.240,4.430,4.240,4.240,4.250,7344304,31650761.190,10186,4.240,198200,4.230,18900,4.220,20400,4.210,154600,4.200,500,4.250,4900,4.260,49100,4.270,49171,4.280,17300,4.290,2017-05-26,16:35:03
000632,三木集团,6.140,6.150,6.140,6.210,6.100,6.140,6.150,4449814,27388684.000,21700,6.140,78800,6.130,47500,6.120,20600,6.110,24700,6.100,500,6.150,10900,6.160,22200,6.170,24000,6.180,55776,6.190,2017-05-26,16:35:03
000633,合金投资,8.290,8.310,8.300,8.390,8.150,8.300,8.310,1883623,15606070.470,27000,8.300,22900,8.290,2300,8.280,600,8.270,7600,8.260,65600,8.310,6500,8.320,2200,8.330,5000,8.340,10600,8.350,2017-05-26,16:35:03
000635,英 力 特,14.590,14.570,14.830,15.050,14.510,14.830,14.840,8739004,128979958.600,64943,14.830,13500,14.820,14500,14.810,72000,14.800,1600,14.790,28800,14.840,36700,14.850,7400,14.860,5700,14.870,28600,14.880,2017-05-26,16:35:03
000636,风华高科,8.330,8.330,8.340,8.440,8.280,8.330,8.340,11418842,95439104.600,2200,8.330,57900,8.320,36100,8.310,50763,8.300,39024,8.290,55200,8.340,18700,8.350,55000,8.360,68766,8.370,67086,8.380,2017-05-26,16:35:03
000637,茂化实华,6.430,6.460,6.430,6.500,6.400,6.430,6.440,4784696,30822791.610,220555,6.430,41695,6.420,30362,6.410,46700,6.400,10500,6.390,38400,6.440,6400,6.450,48700,6.460,21600,6.470,99300,6.480,2017-05-26,16:35:03
000638,万方发展,11.350,11.210,11.310,11.680,11.200,11.310,11.320,7722730,88441500.530,16600,11.310,41500,11.300,5600,11.290,1500,11.280,300,11.270,400,11.320,500,11.330,900,11.340,16100,11.350,300,11.360,2017-05-26,16:35:03
000639,西王食品,18.000,18.110,18.280,18.620,17.820,18.270,18.280,1699245,30926558.160,5800,18.270,104400,18.260,12300,18.250,2200,18.230,1400,18.210,4400,18.280,5000,18.290,20950,18.300,3700,18.310,500,18.320,2017-05-26,16:35:03
000650,仁和药业,5.750,5.800,5.770,5.820,5.750,5.770,5.780,4536369,26236174.130,165500,5.770,98000,5.760,191500,5.750,37600,5.740,52000,5.730,21512,5.780,61989,5.790,150600,5.800,66940,5.810,34100,5.820,2017-05-26,16:35:03
000651,格力电器,33.680,33.590,34.070,34.300,33.650,34.060,34.070,56098814,1905105099.110,19500,34.060,103900,34.050,700,34.040,4600,34.030,4100,34.020,812337,34.070,95900,34.080,71340,34.090,177593,34.100,72900,34.110,2017-05-26,16:35:03
000652,泰达股份,5.700,5.750,5.690,5.890,5.680,5.690,5.700,28913154,167084371.310,93300,5.690,95635,5.680,140000,5.670,98400,5.660,234400,5.650,102900,5.700,135900,5.710,63500,5.720,60300,5.730,41341,5.740,2017-05-26,16:35:03
000655,金岭矿业,6.930,6.930,6.950,7.000,6.890,6.950,6.960,3404686,23682360.630,12000,6.950,55500,6.940,45700,6.930,43465,6.920,53600,6.910,114399,6.960,36100,6.970,75700,6.980,26900,6.990,74000,7.000,2017-05-26,16:35:03
000656,金科股份,0.000,6.540,0.000,0.000,0.000,0.000,0.000,0,0.000,0,0.000,0,0.000,0,0.000,0,0.000,0,0.000,0,0.000,0,0.000,0,0.000,0,0.000,0,0.000,2017-05-26,16:35:03
000657,中钨高新,12.280,12.230,12.160,12.300,12.110,12.160,12.170,2841100,34661599.000,28700,12.160,7200,12.150,36200,12.140,11700,12.130,91500,12.120,11800,12.170,11700,12.180,33700,12.190,26600,12.200,4000,12.210,2017-05-26,16:35:03
000659,*ST中富,3.450,3.420,3.590,3.590,3.420,3.590,0.000,30101740,106960869.860,3353060,3.590,163600,3.580,117700,3.570,98600,3.560,177400,3.550,0,0.000,0,0.000,0,0.000,0,0.000,0,0.000,2017-05-26,16:35:03
000661,长春高新,114.000,114.100,116.350,116.530,113.560,116.330,116.350,1735124,199737335.910,1900,116.330,300,116.300,500,116.290,400,116.280,1300,116.250,4258,116.350,3600,116.380,900,116.390,2000,116.400,1000,116.420,2017-05-26,16:35:03
000662,天夏智慧,16.200,16.270,16.220,16.330,16.170,16.210,16.220,1277716,20774644.280,7900,16.210,10700,16.200,4500,16.190,2100,16.180,200,16.170,13057,16.220,18164,16.230,438,16.240,4000,16.250,7100,16.260,2017-05-26,16:35:03
000663,永安林业,12.260,12.200,12.270,12.410,12.130,12.250,12.270,2623163,32118148.900,200,12.250,3700,12.240,13400,12.220,2100,12.210,13900,12.200,8800,12.270,25200,12.280,19600,12.290,24400,12.300,3239,12.310,2017-05-26,16:35:03
000665,湖北广电,11.550,11.580,11.580,11.610,11.510,11.570,11.580,2210461,25574934.930,24009,11.570,8000,11.560,2000,11.550,29113,11.540,6100,11.530,5800,11.580,32300,11.590,70500,11.600,16600,11.610,27000,11.620,2017-05-26,16:35:03
000666,经纬纺机,20.130,20.090,20.040,20.230,19.890,20.030,20.040,4609170,92475074.870,2900,20.030,19000,20.020,35700,20.010,15633,20.000,8900,19.990,9220,20.040,10306,20.050,7400,20.060,2400,20.070,2900,20.080,2017-05-26,16:35:03
000667,美好置业,3.160,3.170,3.270,3.280,3.130,3.260,3.270,27243480,86882636.410,572400,3.260,716526,3.250,356500,3.240,332400,3.230,198700,3.220,690010,3.270,236245,3.280,423000,3.290,330000,3.300,175400,3.310,2017-05-26,16:35:03
000668,荣丰控股,16.390,16.440,16.410,16.540,16.290,16.410,16.420,578123,9493636.650,2100,16.410,4500,16.390,1100,16.380,1400,16.360,400,16.350,13200,16.420,5100,16.440,11000,16.450,2000,16.480,10500,16.490,2017-05-26,16:35:03
000669,金鸿能源,15.990,15.550,15.860,16.080,15.530,15.850,15.860,7742818,122482252.150,4700,15.850,4100,15.840,36200,15.830,4700,15.820,42200,15.810,900,15.860,21000,15.870,56000,15.880,13900,15.890,27601,15.900,2017-05-26,16:35:03
000670,盈方微,4.880,4.880,4.880,4.930,4.850,4.880,4.890,6921576,33835152.330,6700,4.880,104400,4.870,49400,4.860,65800,4.850,5500,4.840,56500,4.890,105600,4.900,87200,4.910,164400,4.920,69385,4.930,2017-05-26,16:35:03
000671,阳 光 城,5.550,5.540,5.590,5.630,5.550,5.580,5.590,11714674,65606505.160,43350,5.580,49000,5.570,95800,5.560,149400,5.550,38900,5.540,647500,5.590,261700,5.600,500999,5.610,322800,5.620,257000,5.630,2017-05-26,16:35:03
000672,上峰水泥,7.940,7.910,7.820,7.940,7.820,7.820,7.830,9446100,74459489.000,107600,7.820,136100,7.810,146000,7.800,7600,7.790,78200,7.780,50400,7.830,11200,7.840,46800,7.850,5800,7.860,44400,7.870,2017-05-26,16:35:03
000673,当代东方,0.000,13.530,0.000,0.000,0.000,0.000,0.000,0,0.000,0,0.000,0,0.000,0,0.000,0,0.000,0,0.000,0,0.000,0,0.000,0,0.000,0,0.000,0,0.000,2017-05-26,16:35:03
000676,智度股份,15.200,15.200,15.020,15.470,15.000,15.020,15.030,1776402,27042601.200,1500,15.020,13000,15.010,12993,15.000,1500,14.990,12000,14.980,2400,15.030,8500,15.040,3700,15.050,9500,15.060,5600,15.070,2017-05-26,16:35:03
000677,恒天海龙,4.900,4.900,4.860,4.940,4.840,4.860,4.870,4468715,21840417.950,57321,4.860,128349,4.850,50821,4.840,40900,4.830,26000,4.820,61100,4.870,8900,4.880,11600,4.890,116000,4.900,136000,4.910,2017-05-26,16:35:03
000678,襄阳轴承,7.830,7.820,7.790,7.850,7.730,7.790,7.800,2661869,20761781.060,6400,7.790,38000,7.780,7100,7.770,16800,7.760,35400,7.750,6134,7.800,9300,7.810,16300,7.820,26500,7.830,7900,7.840,2017-05-26,16:35:03
000679,大连友谊,10.120,10.080,10.000,10.120,9.980,10.000,10.010,1831001,18359939.500,37800,10.000,20000,9.980,6400,9.970,5900,9.960,18900,9.950,20000,10.010,1000,10.030,2118,10.040,2000,10.050,18800,10.060,2017-05-26,16:35:03
000680,山推股份,5.350,5.350,5.310,5.390,5.300,5.300,5.310,14740031,78748588.020,245585,5.300,31700,5.290,45000,5.280,24700,5.270,20700,5.260,18250,5.310,113000,5.320,95500,5.330,76100,5.340,133000,5.350,2017-05-26,16:35:03
000681,视觉中国,16.080,16.050,16.070,16.310,15.920,16.070,16.090,1038000,16712186.950,3800,16.070,19800,16.060,10200,16.050,500,16.030,700,16.020,8900,16.090,2435,16.100,9400,16.110,7400,16.120,600,16.130,2017-05-26,16:35:03
000682,东方电子,0.000,5.200,0.000,0.000,0.000,0.000,0.000,0,0.000,0,0.000,0,0.000,0,0.000,0,0.000,0,0.000,0,0.000,0,0.000,0,0.000,0,0.000,0,0.000,2017-05-26,16:35:03
000683,远兴能源,2.640,2.640,2.630,2.650,2.620,2.620,2.630,16932600,44615214.000,1080400,2.620,774200,2.610,665000,2.600,400100,2.590,304400,2.580,477840,2.630,1914904,2.640,1652440,2.650,877540,2.660,792240,2.670,2017-05-26,16:35:03
000685,中山公用,10.700,10.710,10.710,10.760,10.660,10.700,10.710,4393966,47086920.020,21858,10.700,42703,10.690,39600,10.680,3500,10.670,34800,10.660,43500,10.710,21200,10.720,93300,10.730,74404,10.740,113838,10.750,2017-05-26,16:35:03
000686,东北证券,9.680,9.750,9.660,9.830,9.620,9.650,9.660,30918759,300664853.800,11000,9.650,13900,9.640,132835,9.630,173300,9.620,184000,9.610,211308,9.660,1700,9.670,74200,9.680,32400,9.690,56500,9.700,2017-05-26,16:35:03
000687,华讯方舟,15.150,15.340,15.500,15.670,15.010,15.500,15.510,15889178,245645076.920,43600,15.500,47800,15.490,26900,15.480,5800,15.470,16400,15.460,24900,15.510,21300,15.520,32700,15.530,13900,15.540,41301,15.550,2017-05-26,16:35:03
000688,建新矿业,7.180,7.210,7.120,7.240,7.110,7.120,7.130,5978110,42790813.920,35390,7.120,89700,7.110,74500,7.100,18300,7.090,34500,7.080,41100,7.130,29100,7.140,13100,7.150,26400,7.160,24000,7.170,2017-05-26,16:35:03
000690,宝新能源,5.880,5.880,5.860,5.940,5.830,5.850,5.860,7328397,43012491.510,51100,5.850,66900,5.840,16000,5.830,45800,5.820,71700,5.810,19600,5.860,3500,5.870,111400,5.880,104900,5.890,165100,5.900,2017-05-26,16:35:03
000691,ST亚太,6.470,6.440,6.500,6.530,6.430,6.490,6.500,1206800,7820934.000,8500,6.490,5000,6.480,5600,6.470,19700,6.460,30300,6.450,900,6.500,26470,6.510,32501,6.520,18200,6.530,8000,6.540,2017-05-26,16:35:03
000692,惠天热电,6.660,6.620,6.560,6.700,6.450,6.550,6.560,5592941,36626562.370,200,6.550,900,6.540,20600,6.530,21500,6.520,2669,6.510,14400,6.560,80263,6.570,48878,6.580,57700,6.590,36500,6.600,2017-05-26,16:35:03
000693,*ST华泽,0.000,12.500,0.000,0.000,0.000,0.000,0.000,0,0.000,0,0.000,0,0.000,0,0.000,0,0.000,0,0.000,0,0.000,0,0.000,0,0.000,0,0.000,0,0.000,2017-05-26,16:35:03
000695,滨海能源,11.750,11.790,11.730,12.000,11.610,11.720,11.730,1604284,18936536.200,10800,11.720,3400,11.710,3400,11.700,7200,11.690,500,11.680,20600,11.730,7000,11.750,19851,11.760,3600,11.770,2000,11.790,2017-05-26,16:35:03
000697,炼石有色,20.300,20.330,20.350,20.450,20.170,20.340,20.350,3418525,69514343.120,1600,20.340,13000,20.330,7000,20.240,26500,20.230,20000,20.220,19500,20.350,8000,20.360,300,20.380,1900,20.390,13200,20.400,2017-05-26,16:35:03
000698,沈阳化工,6.420,6.510,6.270,6.460,6.230,6.270,6.280,17967255,113675199.910,77210,6.270,113200,6.260,136806,6.250,45700,6.240,118000,6.230,39001,6.280,62700,6.290,138314,6.300,128644,6.310,87200,6.320,2017-05-26,16:35:03
000700,模塑科技,6.850,6.850,6.870,6.910,6.820,6.860,6.870,2829442,19441256.580,85885,6.860,19600,6.840,71700,6.830,28500,6.820,30900,6.810,29500,6.870,87700,6.880,45300,6.890,59900,6.900,38000,6.910,2017-05-26,16:35:03
000701,厦门信达,12.200,12.180,12.180,12.270,12.130,12.180,12.190,2188900,26707992.000,10000,12.180,3100,12.170,11000,12.160,12000,12.150,1000,12.140,32200,12.190,13400,12.200,4200,12.210,6200,12.220,2000,12.230,2017-05-26,16:35:03
000702,正虹科技,9.380,9.410,9.560,9.750,9.330,9.550,9.560,11716834,112252809.170,9300,9.550,1300,9.540,300,9.530,2700,9.520,4500,9.510,39200,9.560,33400,9.580,13000,9.590,46800,9.600,33800,9.620,2017-05-26,16:35:03
000703,恒逸石化,13.500,13.710,13.610,13.920,13.500,13.610,13.620,4425110,60903180.130,24738,13.610,87800,13.600,19800,13.580,700,13.570,17500,13.560,2000,13.620,7350,13.630,2500,13.640,4400,13.650,1400,13.660,2017-05-26,16:35:03
000705,浙江震元,9.820,9.830,9.790,9.850,9.720,9.780,9.790,1364897,13350348.460,6000,9.780,9700,9.770,13326,9.760,13896,9.750,14087,9.740,6356,9.790,11700,9.800,5800,9.810,40500,9.820,111739,9.830,2017-05-26,16:35:03
000707,双环科技,6.450,6.460,6.420,6.490,6.390,6.420,6.430,3928003,25260003.470,62700,6.420,11500,6.410,47497,6.400,25800,6.390,29800,6.380,2900,6.430,14500,6.450,47300,6.460,22700,6.470,34091,6.480,2017-05-26,16:35:03
000708,大冶特钢,10.960,10.950,10.950,11.050,10.930,10.950,10.960,2051967,22552516.760,75200,10.950,500,10.940,40644,10.930,4800,10.920,15900,10.910,4006,10.960,6800,10.970,10600,10.980,3822,10.990,4900,11.000,2017-05-26,16:35:03
000709,河钢股份,4.480,4.470,4.460,4.570,4.460,4.460,4.470,250639961,1131044646.560,1701500,4.460,2009500,4.450,728700,4.440,646900,4.430,1804600,4.420,2197592,4.470,2252700,4.480,769300,4.490,2097765,4.500,963200,4.510,2017-05-26,16:35:03
000710,*ST天仪,69.130,69.010,68.500,69.890,67.510,68.450,68.500,1895400,129221967.000,200,68.450,1800,68.420,3600,68.410,500,68.300,2400,68.290,42900,68.500,500,68.550,700,68.570,3000,68.590,9800,68.600,2017-05-26,16:35:03
000711,京蓝科技,0.000,16.630,0.000,0.000,0.000,0.000,0.000,0,0.000,0,0.000,0,0.000,0,0.000,0,0.000,0,0.000,0,0.000,0,0.000,0,0.000,0,0.000,0,0.000,2017-05-26,16:35:03
000712,锦龙股份,15.490,15.590,15.270,15.670,15.250,15.270,15.280,13159719,203398133.970,119100,15.270,28300,15.260,24300,15.250,49300,15.240,16700,15.230,26700,15.280,5100,15.290,24300,15.300,50000,15.310,21900,15.320,2017-05-26,16:35:03
000713,丰乐种业,8.200,8.170,8.220,8.240,8.110,8.200,8.220,1403165,11486433.390,34700,8.200,4400,8.190,1800,8.180,2100,8.170,2100,8.160,24300,8.220,20338,8.230,16300,8.240,10800,8.250,10500,8.260,2017-05-26,16:35:03
000715,中兴商业,11.200,11.230,11.290,11.360,11.170,11.280,11.290,1237787,13959505.520,32500,11.280,1400,11.250,700,11.240,400,11.220,1400,11.210,20900,11.290,7600,11.300,24700,11.310,4900,11.320,7700,11.330,2017-05-26,16:35:03
000716,黑芝麻,0.000,8.060,0.000,0.000,0.000,0.000,0.000,0,0.000,0,0.000,0,0.000,0,0.000,0,0.000,0,0.000,0,0.000,0,0.000,0,0.000,0,0.000,0,0.000,2017-05-26,16:35:03
000717,韶钢松山,4.840,4.840,4.810,4.880,4.790,4.800,4.810,5758300,27767830.270,267700,4.800,172400,4.790,189600,4.780,28000,4.770,82800,4.760,144300,4.810,45800,4.820,17800,4.830,23100,4.840,34800,4.850,2017-05-26,16:35:03
000718,苏宁环球,6.070,6.050,6.080,6.130,6.030,6.070,6.080,9003946,54874621.370,33700,6.070,43702,6.060,135600,6.050,16700,6.040,33000,6.030,218404,6.080,94600,6.090,158922,6.100,102400,6.110,221500,6.120,2017-05-26,16:35:03
000719,大地传媒,9.690,9.740,9.670,9.800,9.670,9.670,9.680,2035760,19811589.250,2100,9.670,11000,9.660,14100,9.650,5000,9.640,4900,9.620,33900,9.680,18300,9.690,46900,9.700,7000,9.710,44500,9.720,2017-05-26,16:35:03
000720,新能泰山,4.940,4.930,4.930,4.960,4.910,4.920,4.930,3040522,14986080.260,26200,4.920,58516,4.910,135400,4.900,9800,4.890,63300,4.880,112329,4.930,76800,4.940,118800,4.950,67000,4.960,25700,4.970,2017-05-26,16:35:03
000721,西安饮食,6.510,6.500,6.480,6.530,6.440,6.480,6.490,4814024,31195087.040,34400,6.480,11500,6.470,48400,6.460,56500,6.450,18300,6.440,68100,6.490,79200,6.500,37300,6.510,29800,6.520,22000,6.530,2017-05-26,16:35:03
000722,湖南发展,12.440,12.370,12.430,12.470,12.270,12.320,12.430,2082025,25764428.070,2000,12.320,3300,12.310,23700,12.300,12500,12.290,22000,12.280,48800,12.430,17400,12.440,102700,12.450,48200,12.460,97919,12.470,2017-05-26,16:35:03
000723,美锦能源,12.600,12.510,12.530,12.770,12.430,12.520,12.530,7595724,95330813.980,2100,12.520,11200,12.510,12700,12.500,22500,12.490,14700,12.480,199900,12.530,140600,12.540,66700,12.550,6100,12.560,60400,12.570,2017-05-26,16:35:03
000725,京东方Ａ,4.070,4.060,4.020,4.080,4.000,4.020,4.030,343846754,1386651681.830,1641906,4.020,2604200,4.010,12769000,4.000,4654700,3.990,6752900,3.980,3333500,4.030,4744959,4.040,3182860,4.050,4605700,4.060,9276608,4.070,2017-05-26,16:35:03
000726,鲁 泰Ａ,11.890,11.910,11.840,11.950,11.840,11.840,11.850,2193640,26099028.380,11900,11.840,25000,11.830,30500,11.820,58000,11.810,71500,11.800,36500,11.850,11800,11.860,19053,11.870,57200,11.880,14600,11.890,2017-05-26,16:35:03
000727,华东科技,2.780,2.770,2.780,2.830,2.760,2.770,2.780,24878827,69287956.330,737600,2.770,1014000,2.760,1046500,2.750,805400,2.740,1072600,2.730,1604102,2.780,1161354,2.790,1271700,2.800,1093200,2.810,1404900,2.820,2017-05-26,16:35:03
000728,国元证券,12.170,11.990,12.250,12.530,12.000,12.250,12.260,103375050,1268706236.910,205936,12.250,3900,12.240,116350,12.230,155705,12.220,331900,12.210,109200,12.260,108850,12.270,151000,12.280,125300,12.290,186200,12.300,2017-05-26,16:35:03
000729,燕京啤酒,6.280,6.310,6.250,6.310,6.240,6.250,6.260,10234609,64207617.040,36600,6.250,211200,6.240,170400,6.230,153300,6.220,205900,6.210,135400,6.260,81200,6.270,84700,6.280,109800,6.290,166477,6.300,2017-05-26,16:35:03
000731,四川美丰,7.250,7.250,7.260,7.340,7.200,7.260,7.270,6937317,50510126.920,58899,7.260,160300,7.250,28700,7.240,7300,7.230,48900,7.220,7100,7.270,38400,7.280,102601,7.290,56100,7.300,61800,7.310,2017-05-26,16:35:03
000732,泰禾集团,16.000,16.070,16.110,16.450,15.930,16.100,16.110,3600406,58092372.350,12908,16.100,15900,16.090,51000,16.080,8900,16.070,2000,16.060,28800,16.110,20400,16.120,24368,16.130,12600,16.140,32000,16.150,2017-05-26,16:35:03
000733,振华科技,15.570,15.650,15.570,15.680,15.500,15.570,15.580,2016674,31432605.850,12000,15.570,8700,15.560,10600,15.550,5200,15.540,25100,15.530,15100,15.580,4200,15.590,22000,15.600,13296,15.610,10800,15.620,2017-05-26,16:35:03
000735,罗 牛 山,6.000,6.000,6.000,6.040,5.990,5.990,6.000,9256137,55651137.370,82900,5.990,76400,5.980,52800,5.970,451800,5.960,37500,5.950,159894,6.000,51500,6.010,214700,6.020,155100,6.030,105600,6.040,2017-05-26,16:35:03
000736,中房地产,13.510,13.710,13.670,13.990,13.510,13.670,13.680,5439370,74934883.020,132900,13.670,2500,13.660,19700,13.650,30300,13.640,5500,13.630,300,13.680,38700,13.690,6700,13.700,21800,13.710,20700,13.720,2017-05-26,16:35:03
000737,南风化工,5.490,5.510,5.520,5.570,5.420,5.510,5.520,4694878,25822566.620,38347,5.510,28800,5.500,37696,5.490,38400,5.480,35500,5.470,77400,5.520,44003,5.530,61200,5.540,105730,5.550,73700,5.560,2017-05-26,16:35:03
000738,航发控制,18.820,18.950,18.760,18.980,18.710,18.760,18.770,3403859,64189800.160,4304,18.760,11100,18.750,1700,18.740,5500,18.730,5500,18.720,5600,18.770,27500,18.780,25900,18.790,14900,18.800,600,18.810,2017-05-26,16:35:03
000739,普洛药业,7.580,7.570,7.480,7.590,7.430,7.480,7.490,3450566,25948410.980,377187,7.480,4200,7.470,10000,7.460,29300,7.450,15900,7.440,135220,7.490,26500,7.500,12800,7.510,9200,7.520,35800,7.530,2017-05-26,16:35:03
000748,长城信息,0.000,20.310,0.000,0.000,0.000,0.000,0.000,0,0.000,0,0.000,0,0.000,0,0.000,0,0.000,0,0.000,0,0.000,0,0.000,0,0.000,0,0.000,0,0.000,2017-01-17,16:36:03
000750,国海证券,5.340,5.370,5.280,5.400,5.270,5.280,5.290,40908205,218936671.600,385429,5.280,188500,5.270,183800,5.260,125300,5.250,77500,5.240,211924,5.290,43100,5.300,42100,5.310,126400,5.320,86150,5.330,2017-05-26,16:35:03
000751,锌业股份,4.720,4.720,4.670,4.730,4.660,4.660,4.670,10159771,47619435.360,332459,4.660,203200,4.650,73800,4.640,64800,4.630,135100,4.620,5110,4.670,371400,4.680,215090,4.690,417822,4.700,84060,4.710,2017-05-26,16:35:03
000752,西藏发展,11.940,11.940,11.860,12.180,11.850,11.860,11.870,1528200,18285932.000,25400,11.860,20600,11.850,20400,11.840,3600,11.830,5100,11.820,12780,11.870,4100,11.880,11400,11.890,10200,11.900,13200,11.910,2017-05-26,16:35:03
000753,漳州发展,4.430,4.440,4.460,4.500,4.420,4.460,4.470,5995886,26829863.500,44714,4.460,94700,4.450,74000,4.440,32500,4.430,31800,4.420,96700,4.470,117100,4.480,205500,4.490,288700,4.500,76000,4.510,2017-05-26,16:35:03
000755,*ST三维,0.000,6.750,0.000,0.000,0.000,0.000,0.000,0,0.000,0,0.000,0,0.000,0,0.000,0,0.000,0,0.000,0,0.000,0,0.000,0,0.000,0,0.000,0,0.000,2017-05-26,16:35:03
000756,新华制药,13.810,13.810,13.790,13.950,13.700,13.760,13.790,637335,8787545.530,6700,13.760,20400,13.750,4700,13.740,500,13.730,2000,13.720,22066,13.790,62819,13.800,8300,13.810,6000,13.820,8743,13.830,2017-05-26,16:35:03
000757,浩物股份,6.610,6.670,6.820,6.920,6.610,6.820,6.830,4755432,32342433.190,97200,6.820,19700,6.810,60900,6.800,11000,6.790,8200,6.780,80900,6.830,19600,6.840,9700,6.850,16800,6.860,29900,6.870,2017-05-26,16:35:03
000758,中色股份,6.770,6.800,6.760,6.850,6.730,6.750,6.760,14398344,97660171.420,160100,6.750,139607,6.740,61900,6.730,48600,6.720,240500,6.710,12500,6.760,89000,6.770,99400,6.780,29000,6.790,64751,6.800,2017-05-26,16:35:03
000759,中百集团,7.250,7.270,7.410,7.440,7.220,7.400,7.410,3378420,24717648.580,181000,7.400,5000,7.390,12600,7.380,13800,7.370,89117,7.360,3239,7.410,17537,7.420,20414,7.430,14300,7.440,31600,7.450,2017-05-26,16:35:03
000760,斯太尔,7.700,7.780,7.730,7.860,7.450,7.720,7.730,13190380,101300864.050,100,7.720,14100,7.710,14800,7.700,100,7.690,12302,7.680,239000,7.730,35900,7.740,1200,7.750,500,7.760,3700,7.770,2017-05-26,16:35:03
000761,本钢板材,4.690,4.730,4.710,4.760,4.690,4.710,4.720,5725513,27072038.080,76436,4.710,96553,4.700,49100,4.690,63400,4.680,30200,4.670,136200,4.720,209500,4.730,89800,4.740,143500,4.750,91700,4.760,2017-05-26,16:35:03
000762,西藏矿业,13.560,13.520,13.360,13.610,13.310,13.360,13.370,4725725,63383001.010,22934,13.360,19700,13.350,28500,13.340,27092,13.330,39000,13.320,23100,13.370,2100,13.380,6600,13.390,48700,13.400,4700,13.410,2017-05-26,16:35:03
000766,通化金马,15.500,15.500,15.600,15.600,15.310,15.590,15.600,3564443,55195568.280,24300,15.590,31600,15.580,23600,15.570,20500,15.560,21000,15.550,104500,15.600,5000,15.610,53700,15.620,16100,15.630,3800,15.640,2017-05-26,16:35:03
000767,漳泽电力,3.410,3.420,3.390,3.430,3.390,3.390,3.400,7168200,24452699.000,341000,3.390,136700,3.380,102300,3.370,62100,3.360,63100,3.350,54539,3.400,354700,3.410,235100,3.420,202600,3.430,151700,3.440,2017-05-26,16:35:03
000768,中航飞机,17.280,17.320,17.210,17.480,17.130,17.210,17.220,13398695,231917499.360,58072,17.210,91400,17.200,17000,17.190,14100,17.180,17472,17.170,50500,17.220,52664,17.230,21300,17.240,17200,17.250,10900,17.260,2017-05-26,16:35:03
000776,广发证券,16.490,16.650,16.580,16.780,16.470,16.570,16.580,57652749,958017933.190,34400,16.570,49900,16.560,22500,16.550,14300,16.540,169800,16.530,58700,16.580,36000,16.590,22400,16.600,32200,16.610,61800,16.620,2017-05-26,16:35:03
000777,中核科技,19.760,19.870,20.480,21.490,19.590,20.470,20.480,10887732,225366025.580,7600,20.470,6600,20.460,3600,20.450,6200,20.440,9400,20.430,34100,20.480,9200,20.490,5645,20.500,22800,20.510,18120,20.520,2017-05-26,16:35:03
000778,新兴铸管,7.150,7.130,7.180,7.380,7.120,7.180,7.190,196111157,1421942240.780,715375,7.180,977300,7.170,899100,7.160,1084400,7.150,152700,7.140,901700,7.190,678100,7.200,314400,7.210,632797,7.220,309700,7.230,2017-05-26,16:35:03
000779,三毛派神,14.390,14.220,14.070,14.390,13.970,14.070,14.080,919386,12987448.830,3300,14.070,43800,14.060,7700,14.050,1800,14.040,1000,14.020,2400,14.080,2900,14.090,1400,14.100,5886,14.110,5700,14.150,2017-05-26,16:35:03
000780,*ST平能,4.020,4.040,4.050,4.060,4.000,4.030,4.050,4229988,17035184.980,21100,4.030,156200,4.020,59300,4.010,101400,4.000,40700,3.990,100800,4.050,182800,4.060,60600,4.070,40800,4.080,22500,4.090,2017-05-26,16:35:03
000782,美达股份,8.900,8.920,8.920,9.000,8.880,8.920,8.930,2081100,18599329.000,700,8.920,12000,8.910,40300,8.900,51000,8.890,13700,8.880,30800,8.930,33000,8.940,18100,8.950,45800,8.960,63200,8.970,2017-05-26,16:35:03
000783,长江证券,9.250,9.380,9.250,9.480,9.200,9.250,9.260,37820541,354060324.310,11751,9.250,128300,9.240,378200,9.230,119598,9.220,110800,9.210,55500,9.260,114034,9.270,129865,9.280,58800,9.290,537100,9.300,2017-05-26,16:35:03
000785,武汉中商,10.380,10.380,10.300,10.440,10.220,10.300,10.310,1470650,15186718.320,391,10.300,36000,10.290,4800,10.280,7300,10.270,12000,10.260,19400,10.310,1000,10.320,10193,10.330,8200,10.350,13925,10.360,2017-05-26,16:35:03
000786,北新建材,13.720,13.710,13.830,14.090,13.690,13.830,13.840,33569079,467969499.510,113175,13.830,106000,13.820,65300,13.810,123700,13.800,11500,13.790,39400,13.840,103800,13.850,98300,13.860,40100,13.870,81200,13.880,2017-05-26,16:35:03
000788,北大医药,11.500,11.530,11.830,12.100,11.330,11.830,11.840,10702571,126083353.980,16200,11.830,44200,11.820,13800,11.810,57900,11.800,9500,11.790,200,11.840,83000,11.850,62300,11.860,2600,11.880,20600,11.890,2017-05-26,16:35:03
000789,万年青,6.800,6.800,6.770,6.850,6.760,6.770,6.780,6412869,43606034.700,57200,6.770,84137,6.760,141700,6.750,49200,6.740,16800,6.730,46600,6.780,22800,6.790,41223,6.800,36300,6.810,26300,6.820,2017-05-26,16:35:03
000790,泰合健康,8.560,8.540,8.790,8.830,8.500,8.780,8.790,7576114,65936134.950,59271,8.780,22000,8.770,19500,8.760,10200,8.750,22200,8.740,2100,8.790,53568,8.800,17000,8.810,41400,8.820,37712,8.830,2017-05-26,16:35:03
000791,甘肃电投,8.580,8.550,8.660,8.850,8.470,8.660,8.670,8295801,71834513.990,76300,8.660,84400,8.650,22800,8.640,50000,8.630,9700,8.620,75300,8.670,98700,8.680,44300,8.690,37200,8.700,6900,8.710,2017-05-26,16:35:03
000792,盐湖股份,14.320,14.330,14.160,14.360,14.150,14.160,14.170,5352003,76287640.790,52800,14.160,49500,14.150,29700,14.140,46700,14.130,24400,14.120,300,14.170,3100,14.180,8572,14.190,2600,14.200,2400,14.210,2017-05-26,16:35:03
000793,华闻传媒,10.400,10.390,10.430,10.470,10.290,10.430,10.440,24652984,256080534.450,14003,10.430,62000,10.420,82300,10.410,58700,10.400,16400,10.390,13200,10.440,13600,10.450,353000,10.460,464700,10.470,238800,10.480,2017-05-26,16:35:03
000795,英洛华,6.110,6.100,6.050,6.130,6.020,6.040,6.050,8578321,52082074.680,64100,6.040,87300,6.030,70200,6.020,70100,6.010,180900,6.000,16100,6.050,130900,6.060,66500,6.070,105300,6.080,79300,6.090,2017-05-26,16:35:03
000796,凯撒旅游,11.700,11.700,11.850,11.940,11.610,11.850,11.880,3708801,43744468.190,224,11.850,16800,11.830,20400,11.820,3800,11.800,300,11.780,1000,11.880,1000,11.890,42900,11.900,3400,11.920,300,11.930,2017-05-26,16:35:03
000797,中国武夷,17.310,17.320,17.150,17.370,17.110,17.150,17.190,1393001,24014033.530,4100,17.150,3300,17.140,400,17.130,4800,17.120,7100,17.110,1000,17.190,7900,17.200,1000,17.220,2500,17.230,2630,17.260,2017-05-26,16:35:03
000798,中水渔业,8.570,8.570,8.550,8.630,8.510,8.550,8.560,1254510,10748393.070,21600,8.550,17200,8.540,500,8.530,15100,8.520,10000,8.510,500,8.560,14400,8.570,14400,8.580,9700,8.590,13300,8.600,2017-05-26,16:35:03
000799,酒鬼酒,17.800,17.800,17.750,17.920,17.600,17.750,17.760,2739114,48648253.550,10500,17.750,13300,17.740,4800,17.730,8700,17.720,10700,17.710,267231,17.760,800,17.770,6000,17.780,1300,17.790,191145,17.800,2017-05-26,16:35:03
000800,一汽轿车,9.670,9.670,9.550,9.760,9.510,9.550,9.560,11899081,114600393.120,104902,9.550,73400,9.540,74200,9.530,75100,9.520,91936,9.510,74200,9.560,50200,9.570,13100,9.580,126800,9.590,37400,9.600,2017-05-26,16:35:03
000801,四川九洲,7.600,7.600,7.600,7.680,7.540,7.590,7.600,3062730,23355347.900,18700,7.590,70100,7.580,13700,7.570,9400,7.560,11314,7.550,11000,7.600,3000,7.610,10400,7.620,12500,7.630,12100,7.640,2017-05-26,16:35:03
000802,北京文化,14.480,14.400,14.540,14.580,14.240,14.540,14.550,1488927,21582611.750,500,14.540,32300,14.520,10500,14.510,1000,14.500,300,14.490,16100,14.550,5100,14.560,4600,14.570,11000,14.580,8800,14.590,2017-05-26,16:35:03
000803,*ST金宇,23.970,23.840,23.980,25.030,23.840,23.970,23.980,1129539,27593370.110,400,23.970,2200,23.960,1100,23.950,7700,23.940,500,23.930,7400,23.980,3700,23.990,27200,24.000,16800,24.030,1000,24.100,2017-05-26,16:35:03
000806,银河生物,11.460,11.460,11.440,11.710,11.430,11.440,11.450,29150747,336232763.160,232700,11.440,308100,11.430,877600,11.420,852500,11.410,502800,11.400,93200,11.450,129260,11.460,140000,11.470,99800,11.480,121401,11.490,2017-05-26,16:35:03
000807,云铝股份,6.740,6.740,6.630,6.770,6.610,6.620,6.630,22626685,150914149.080,71600,6.620,242700,6.610,311200,6.600,23800,6.590,186400,6.580,119900,6.630,27200,6.640,83100,6.650,68700,6.660,42130,6.670,2017-05-26,16:35:03
000809,*ST新城,4.040,4.030,4.000,4.050,3.980,3.990,4.000,4951251,19838431.480,95250,3.990,891500,3.980,115800,3.970,45600,3.960,73900,3.950,32800,4.000,241800,4.010,147000,4.020,135800,4.030,204600,4.040,2017-05-26,16:35:03
000810,创维数字,10.850,10.880,10.950,10.960,10.840,10.950,10.960,1249492,13629491.950,9803,10.950,700,10.940,11100,10.930,1000,10.920,4500,10.910,35800,10.960,5800,10.970,6600,10.980,10900,10.990,16700,11.000,2017-05-26,16:35:03
000811,烟台冰轮,15.790,15.830,15.930,16.280,15.700,15.930,15.940,6640673,106755500.590,8900,15.930,30500,15.920,3800,15.910,19900,15.900,19400,15.890,39800,15.940,12400,15.950,12800,15.960,13400,15.990,41000,16.000,2017-05-26,16:35:03
000812,陕西金叶,8.190,8.250,8.210,8.310,8.180,8.210,8.220,5172861,42663302.060,24200,8.210,92100,8.200,95500,8.190,40500,8.180,10700,8.170,93134,8.220,25400,8.230,5600,8.240,165520,8.250,16920,8.260,2017-05-26,16:35:03
000813,德展健康,7.950,7.950,8.020,8.150,7.880,8.020,8.030,2957729,23782584.920,61771,8.020,12350,8.010,74200,8.000,2800,7.990,5800,7.980,800,8.030,5350,8.040,31400,8.070,129943,8.080,24000,8.090,2017-05-26,16:35:03
000815,美利云,13.330,13.310,13.140,13.380,13.030,13.140,13.150,2219300,29167446.000,57200,13.140,34900,13.130,5000,13.120,52900,13.100,59800,13.090,11300,13.150,11600,13.160,8500,13.170,7500,13.180,12300,13.190,2017-05-26,16:35:03
000816,智慧农业,6.920,6.980,7.120,7.170,6.920,7.120,7.130,21497243,151696606.930,22400,7.120,84600,7.110,84200,7.100,111000,7.090,115400,7.080,392280,7.130,292180,7.140,510960,7.150,291500,7.160,286400,7.170,2017-05-26,16:35:03
000818,方大化工,10.890,10.890,10.890,10.960,10.800,10.880,10.890,2655168,28911129.730,34000,10.880,500,10.870,24700,10.860,24300,10.850,16300,10.840,59500,10.890,51000,10.900,37700,10.910,3200,10.920,32700,10.930,2017-05-26,16:35:03
000819,岳阳兴长,15.900,15.750,15.850,16.150,15.750,15.850,15.860,1597509,25434674.380,9800,15.850,3000,15.830,1300,15.820,6100,15.810,16400,15.800,1500,15.860,2100,15.870,22500,15.920,3000,15.930,2555,15.940,2017-05-26,16:35:03
000820,神雾节能,0.000,33.270,0.000,0.000,0.000,0.000,0.000,0,0.000,0,0.000,0,0.000,0,0.000,0,0.000,0,0.000,0,0.000,0,0.000,0,0.000,0,0.000,0,0.000,2017-05-26,16:35:03
000821,京山轻机,0.000,16.240,0.000,0.000,0.000,0.000,0.000,0,0.000,0,0.000,0,0.000,0,0.000,0,0.000,0,0.000,0,0.000,0,0.000,0,0.000,0,0.000,0,0.000,2017-05-26,16:35:03
000822,山东海化,6.890,6.910,6.940,7.010,6.880,6.930,6.940,12573416,87263481.390,53100,6.930,66200,6.920,54400,6.910,44800,6.900,88000,6.890,28800,6.940,98300,6.950,86700,6.960,135400,6.970,100400,6.980,2017-05-26,16:35:03
000823,超声电子,13.790,13.730,12.980,13.790,12.970,12.980,12.990,17403210,230367976.700,19200,12.980,32700,12.970,19600,12.960,35500,12.950,5500,12.930,20300,12.990,29876,13.000,76690,13.010,3300,13.020,1200,13.030,2017-05-26,16:35:03
000825,太钢不锈,4.050,4.060,4.050,4.090,4.040,4.050,4.060,30503812,123886114.450,201050,4.050,1046398,4.040,401200,4.030,494100,4.020,227600,4.010,380484,4.060,1129200,4.070,640100,4.080,746700,4.090,882400,4.100,2017-05-26,16:35:03
000826,启迪桑德,33.140,33.140,33.510,33.920,32.860,33.510,33.520,7405609,247682257.500,28500,33.510,4800,33.500,100,33.480,500,33.470,1000,33.460,27322,33.520,17900,33.530,10000,33.540,13200,33.550,15900,33.560,2017-05-26,16:35:03
000828,东莞控股,11.520,11.590,11.550,11.660,11.520,11.550,11.560,4401444,50978636.320,19000,11.550,2500,11.540,11100,11.530,35000,11.520,5200,11.510,18300,11.560,13800,11.570,37600,11.580,63400,11.590,57968,11.600,2017-05-26,16:35:03
000829,天音控股,10.120,10.110,10.070,10.180,10.050,10.060,10.070,3828528,38653142.070,50100,10.060,15094,10.050,18900,10.040,5300,10.030,5400,10.020,78935,10.070,27100,10.080,91000,10.090,42400,10.100,29500,10.110,2017-05-26,16:35:03
000830,鲁西化工,6.180,6.220,6.140,6.250,6.130,6.140,6.150,18807944,116297217.860,107700,6.140,247400,6.130,374500,6.120,117100,6.110,285700,6.100,186797,6.150,197770,6.160,69300,6.170,161300,6.180,70400,6.190,2017-05-26,16:35:03
000831,五矿稀土,11.070,11.070,10.900,11.120,10.870,10.900,10.910,7125653,78243410.730,70800,10.900,35089,10.890,67000,10.880,61700,10.870,5700,10.860,10100,10.910,23900,10.920,9600,10.930,10100,10.940,4200,10.950,2017-05-26,16:35:03
000833,贵糖股份,7.230,7.250,7.190,7.270,7.140,7.190,7.200,2967746,21367846.100,38209,7.190,37200,7.180,10100,7.170,22400,7.160,68290,7.150,47001,7.200,29500,7.210,42600,7.220,30500,7.230,43700,7.240,2017-05-26,16:35:03
000835,长城动漫,9.680,9.730,9.730,9.740,9.590,9.640,9.730,3662348,35351817.370,2900,9.640,3200,9.620,5700,9.610,14100,9.600,17900,9.590,27300,9.730,24700,9.740,32700,9.750,7000,9.760,10100,9.770,2017-05-26,16:35:03
000836,鑫茂科技,0.000,6.050,0.000,0.000,0.000,0.000,0.000,0,0.000,0,0.000,0,0.000,0,0.000,0,0.000,0,0.000,0,0.000,0,0.000,0,0.000,0,0.000,0,0.000,2017-05-26,16:35:03
000837,秦川机床,7.110,7.140,7.080,7.180,7.060,7.080,7.090,6813960,48465333.800,97940,7.080,136500,7.070,50200,7.060,69700,7.050,6600,7.040,31100,7.090,53218,7.100,35300,7.110,30800,7.120,48000,7.130,2017-05-26,16:35:03
000838,财信发展,0.000,6.590,0.000,0.000,0.000,0.000,0.000,0,0.000,0,0.000,0,0.000,0,0.000,0,0.000,0,0.000,0,0.000,0,0.000,0,0.000,0,0.000,0,0.000,2017-05-26,16:35:03
000839,中信国安,8.750,8.800,8.820,9.000,8.750,8.810,8.820,58274982,517138264.470,248568,8.810,757600,8.800,358700,8.790,194900,8.780,103300,8.770,27400,8.820,132800,8.830,99600,8.840,202100,8.850,62100,8.860,2017-05-26,16:35:03
000848,承德露露,9.990,10.000,10.020,10.170,9.930,10.010,10.020,7441764,74918675.350,28300,10.010,91200,10.000,19100,9.990,84000,9.980,21000,9.970,36312,10.020,2800,10.030,5000,10.040,9800,10.050,12700,10.060,2017-05-26,16:35:03
000850,华茂股份,5.130,5.140,5.130,5.150,5.110,5.120,5.130,2461900,12641666.740,83600,5.120,143600,5.110,84700,5.100,2000,5.090,12800,5.080,35400,5.130,40737,5.140,77704,5.150,64100,5.160,77700,5.170,2017-05-26,16:35:03
000851,高鸿股份,8.770,8.790,8.780,8.810,8.730,8.770,8.780,4788384,42023020.730,5600,8.770,5000,8.760,52700,8.750,19900,8.740,3628,8.730,109200,8.780,182384,8.790,45900,8.800,55473,8.810,36900,8.820,2017-05-26,16:35:03
000852,石化机械,19.440,19.750,18.550,21.000,18.510,18.540,18.550,134467843,2690630941.200,99900,18.540,416000,18.530,53700,18.520,43840,18.510,357600,18.500,270192,18.550,25900,18.560,28100,18.570,20915,18.580,17030,18.590,2017-05-26,16:35:03
000856,冀东装备,34.000,34.460,32.020,35.180,31.910,32.020,32.030,44083933,1482086699.070,285101,32.020,112800,32.010,220700,32.000,45900,31.990,276300,31.980,5800,32.030,6000,32.040,8200,32.050,8300,32.060,18900,32.070,2017-05-26,16:35:03
000858,五 粮 液,47.800,47.730,47.560,48.260,46.900,47.550,47.560,19259404,915014609.600,7200,47.550,1600,47.540,27105,47.530,10600,47.520,2667,47.510,82197,47.560,1000,47.570,47500,47.580,7794,47.590,59631,47.600,2017-05-26,16:35:03
000859,国风塑业,4.790,4.780,4.720,4.790,4.710,4.720,4.730,6291131,29784044.850,26200,4.720,120700,4.710,253300,4.700,19100,4.690,101300,4.680,50900,4.730,72800,4.740,55900,4.750,48200,4.760,76900,4.770,2017-05-26,16:35:03
000860,顺鑫农业,18.410,18.390,18.390,18.510,18.380,18.380,18.390,2233836,41170420.080,55937,18.380,7700,18.370,31900,18.360,37700,18.350,1900,18.340,2915,18.390,23900,18.400,11400,18.410,19800,18.420,20600,18.430,2017-05-26,16:35:03
000861,海印股份,3.650,3.660,3.650,3.710,3.640,3.650,3.660,6945314,25514731.060,11650,3.650,100376,3.640,130000,3.630,71300,3.620,54500,3.610,161700,3.660,66200,3.670,79358,3.680,70800,3.690,131100,3.700,2017-05-26,16:35:03
000862,银星能源,0.000,7.900,0.000,0.000,0.000,0.000,0.000,0,0.000,0,0.000,0,0.000,0,0.000,0,0.000,0,0.000,0,0.000,0,0.000,0,0.000,0,0.000,0,0.000,2017-05-26,16:35:03
000863,三湘印象,7.230,7.230,7.250,7.330,7.210,7.250,7.260,4473028,32491312.840,30600,7.250,6200,7.240,8200,7.230,225400,7.220,41160,7.210,15200,7.260,33160,7.270,16300,7.280,21700,7.290,35700,7.300,2017-05-26,16:35:03
000868,安凯客车,5.150,5.120,5.080,5.160,5.080,5.080,5.090,3283203,16780924.320,56760,5.080,59800,5.070,42500,5.060,127300,5.050,16000,5.040,78400,5.090,120832,5.100,58000,5.110,55100,5.120,93900,5.130,2017-05-26,16:35:03
000869,张 裕Ａ,33.230,33.090,33.860,34.760,33.220,33.860,33.870,2485850,84664787.400,94900,33.860,3553,33.850,300,33.840,1200,33.830,500,33.820,100,33.870,3100,33.880,9208,33.890,9600,33.900,2100,33.920,2017-05-26,16:35:03
000875,吉电股份,5.260,5.330,5.220,5.340,5.210,5.220,5.230,22349890,118055937.710,116485,5.220,264800,5.210,406500,5.200,109800,5.190,65900,5.180,85900,5.230,123818,5.240,158000,5.250,52700,5.260,80200,5.270,2017-05-26,16:35:03
000876,新 希 望,7.970,7.980,7.990,8.020,7.950,7.980,7.990,13477659,107511478.990,19300,7.980,133920,7.970,130700,7.960,382681,7.950,138600,7.940,328257,7.990,480800,8.000,274200,8.010,301100,8.020,227300,8.030,2017-05-26,16:35:03
000877,天山股份,11.520,11.410,11.030,11.550,10.990,11.030,11.040,44041211,499130511.300,348400,11.030,167900,11.020,150200,11.010,433200,11.000,81600,10.990,226900,11.040,131200,11.050,26000,11.060,29100,11.070,16302,11.080,2017-05-26,16:35:03
000878,云南铜业,11.600,11.600,11.670,11.800,11.570,11.660,11.670,17645070,206269093.910,195400,11.660,83400,11.650,18700,11.640,41400,11.630,51400,11.620,61861,11.670,40400,11.680,80800,11.690,80300,11.700,84100,11.710,2017-05-26,16:35:03
000880,潍柴重机,11.440,11.440,11.500,11.580,11.240,11.450,11.510,2573113,29312331.440,800,11.450,3200,11.440,21700,11.430,4700,11.420,7500,11.410,2100,11.510,11100,11.520,10600,11.530,5400,11.540,35200,11.550,2017-05-26,16:35:03
000881,中广核技,19.600,19.210,20.260,21.130,19.600,20.260,20.270,9519864,194964874.760,39500,20.260,2600,20.250,1900,20.240,3100,20.230,500,20.220,5000,20.270,12800,20.280,10400,20.290,27500,20.300,5800,20.310,2017-05-26,16:35:03
000882,华联股份,3.580,3.570,3.710,3.780,3.560,3.700,3.710,21265233,77818005.010,191800,3.700,4000,3.690,24800,3.680,37200,3.670,55600,3.660,322200,3.710,220100,3.720,153700,3.730,282600,3.740,348259,3.750,2017-05-26,16:35:03
000883,湖北能源,4.770,4.770,4.800,4.810,4.750,4.800,4.810,12148392,58036729.740,40900,4.800,264212,4.790,122200,4.780,204720,4.770,502276,4.760,392082,4.810,429000,4.820,244300,4.830,151200,4.840,350500,4.850,2017-05-26,16:35:03
000885,同力水泥,0.000,19.290,0.000,0.000,0.000,0.000,0.000,0,0.000,0,0.000,0,0.000,0,0.000,0,0.000,0,0.000,0,0.000,0,0.000,0,0.000,0,0.000,0,0.000,2017-05-26,16:35:03
000886,海南高速,4.460,4.470,4.470,4.530,4.450,4.470,4.480,3832582,17167520.800,19700,4.470,81500,4.460,136600,4.450,36500,4.440,37500,4.430,45100,4.480,59640,4.490,96300,4.500,49500,4.510,74500,4.520,2017-05-26,16:35:03
000887,中鼎股份,0.000,22.190,0.000,0.000,0.000,0.000,0.000,0,0.000,0,0.000,0,0.000,0,0.000,0,0.000,0,0.000,0,0.000,0,0.000,0,0.000,0,0.000,0,0.000,2017-05-26,16:35:03
000888,峨眉山Ａ,11.960,12.020,12.020,12.090,11.910,12.010,12.020,1662268,19970861.820,17276,12.010,16700,12.000,3500,11.990,5300,11.980,6700,11.970,26300,12.020,62912,12.030,7300,12.040,30000,12.050,40373,12.060,2017-05-26,16:35:03
000889,茂业通信,0.000,16.710,0.000,0.000,0.000,0.000,0.000,0,0.000,0,0.000,0,0.000,0,0.000,0,0.000,0,0.000,0,0.000,0,0.000,0,0.000,0,0.000,0,0.000,2017-05-26,16:35:03
000890,法 尔 胜,8.170,8.150,8.110,8.240,8.100,8.110,8.120,2022334,16494787.330,7100,8.110,16200,8.100,4700,8.090,17200,8.080,10500,8.070,34321,8.120,140294,8.130,141000,8.140,173100,8.150,111680,8.160,2017-05-26,16:35:03
000892,欢瑞世纪,10.050,10.050,10.100,10.150,10.000,10.100,10.110,3010737,30359153.630,35075,10.100,11300,10.090,10300,10.080,2400,10.060,16900,10.050,12200,10.110,56800,10.120,9700,10.130,11800,10.140,49100,10.150,2017-05-26,16:35:03
000893,东凌国际,9.620,10.690,9.620,9.620,9.620,0.000,9.620,3928800,37795056.000,0,0.000,0,0.000,0,0.000,0,0.000,0,0.000,17904455,9.620,1085500,9.630,100,9.640,100,9.650,100,9.660,2017-05-26,16:35:03
000895,双汇发展,21.410,21.450,21.710,21.770,21.410,21.700,21.710,8415408,182475655.000,130500,21.700,1100,21.690,2100,21.680,5000,21.670,16000,21.660,38224,21.710,127600,21.720,109500,21.730,41900,21.740,86650,21.750,2017-05-26,16:35:03
000897,津滨发展,5.050,5.050,5.020,5.120,5.020,5.010,5.020,24098582,122081862.690,452000,5.010,578400,5.000,75000,4.990,156200,4.980,18200,4.970,181295,5.020,141100,5.030,155200,5.040,197900,5.050,284140,5.060,2017-05-26,16:35:03
000898,鞍钢股份,5.190,5.190,5.210,5.330,5.170,5.210,5.220,20883254,109561528.650,862655,5.210,139300,5.200,202600,5.190,99200,5.180,512800,5.170,80433,5.220,132741,5.230,108400,5.240,172749,5.250,59300,5.260,2017-05-26,16:35:03
000899,赣能股份,7.880,7.870,7.720,7.910,7.650,7.710,7.720,1947291,15139213.130,110400,7.710,23200,7.700,11800,7.690,17400,7.680,22800,7.670,64170,7.720,23600,7.730,5000,7.740,1400,7.750,6500,7.760,2017-05-26,16:35:03
000900,现代投资,8.600,8.600,8.560,8.630,8.550,8.560,8.570,4002701,34380655.830,53700,8.560,87700,8.550,70900,8.540,38300,8.530,9800,8.520,59484,8.570,76200,8.580,94419,8.590,335900,8.600,9700,8.610,2017-05-26,16:35:03
000901,航天科技,24.960,24.980,24.980,25.150,24.840,24.980,24.990,3083456,77024177.500,4000,24.980,5638,24.970,13400,24.960,6700,24.950,5500,24.940,42510,24.990,8200,25.000,3100,25.010,1300,25.020,3500,25.030,2017-05-26,16:35:03
000902,新洋丰,8.480,8.490,8.530,8.670,8.440,8.520,8.530,6371064,54459125.560,45600,8.520,9200,8.510,40900,8.500,45900,8.490,91200,8.480,36600,8.530,27600,8.540,9000,8.550,8300,8.560,37900,8.570,2017-05-26,16:35:03
000903,云内动力,8.390,8.420,8.440,8.510,8.370,8.440,8.450,7276634,61547342.440,300,8.440,171580,8.430,49600,8.420,30400,8.410,41000,8.400,10400,8.450,42800,8.460,44000,8.470,55700,8.480,80300,8.490,2017-05-26,16:35:03
000905,厦门港务,12.120,12.070,12.010,12.270,12.000,12.010,12.020,7748900,93982614.430,68495,12.010,109400,12.000,12700,11.990,19600,11.980,6600,11.970,1700,12.020,4300,12.030,23600,12.040,16000,12.050,29400,12.060,2017-05-26,16:35:03
000906,浙商中拓,11.100,11.090,11.120,11.170,11.010,11.120,11.130,2737606,30410941.520,22751,11.120,25400,11.110,13200,11.100,5500,11.090,5860,11.070,32400,11.130,21600,11.140,31710,11.150,26700,11.160,39000,11.170,2017-05-26,16:35:03
000908,景峰医药,7.660,7.690,7.700,7.710,7.600,7.690,7.700,3460809,26519942.250,11634,7.690,2200,7.680,29800,7.670,35997,7.660,106000,7.650,26200,7.700,25300,7.710,13900,7.720,11500,7.730,24900,7.740,2017-05-26,16:35:03
000909,数源科技,12.350,12.300,12.450,13.080,12.260,12.450,12.460,2670826,33890498.110,15718,12.450,13500,12.440,12100,12.430,5300,12.420,11000,12.410,1700,12.460,100,12.480,17500,12.490,18000,12.500,3400,12.510,2017-05-26,16:35:03
000910,大亚圣象,21.300,21.300,21.530,21.800,21.220,21.530,21.540,2283179,49188171.480,1800,21.530,2000,21.520,1900,21.510,22307,21.500,500,21.440,7100,21.540,1600,21.550,4100,21.560,6000,21.570,2700,21.580,2017-05-26,16:35:03
000911,南宁糖业,12.730,12.790,12.620,12.850,12.610,12.620,12.630,3551725,45070961.110,15418,12.620,39200,12.610,49300,12.600,2600,12.590,7500,12.580,20000,12.630,12001,12.640,8200,12.650,9600,12.660,10700,12.670,2017-05-26,16:35:03
000912,泸天化,6.900,7.030,7.000,7.240,6.880,7.000,7.010,19806431,138769226.150,189200,7.000,8300,6.990,12300,6.980,12700,6.970,4700,6.960,40910,7.010,46900,7.020,19700,7.030,24000,7.040,34700,7.050,2017-05-26,16:35:03
000913,钱江摩托,16.100,16.100,15.850,16.270,15.840,15.850,15.880,1318941,21137546.230,4300,15.850,200,15.840,4400,15.830,2300,15.820,7900,15.810,32600,15.880,1400,15.890,1000,15.900,600,15.930,300,15.970,2017-05-26,16:35:03
000915,山大华特,48.000,48.080,47.370,48.520,47.240,47.370,47.380,2641106,125982692.220,7048,47.370,2000,47.360,200,47.350,5300,47.340,800,47.330,12800,47.380,1100,47.420,500,47.430,200,47.460,4700,47.490,2017-05-26,16:35:03
000916,华北高速,0.000,4.850,0.000,0.000,0.000,0.000,0.000,0,0.000,0,0.000,0,0.000,0,0.000,0,0.000,0,0.000,0,0.000,0,0.000,0,0.000,0,0.000,0,0.000,2017-05-26,16:35:03
000917,电广传媒,11.000,11.030,11.070,11.160,10.970,11.070,11.080,9981957,110514274.780,48200,11.070,2100,11.050,31312,11.040,27700,11.030,23800,11.020,79100,11.080,61300,11.090,101801,11.100,27248,11.110,34000,11.120,2017-05-26,16:35:03
000918,嘉凯城,6.800,6.870,6.820,6.900,6.780,6.820,6.830,5312240,36244944.650,179600,6.820,32100,6.810,109000,6.800,71000,6.790,62900,6.780,55100,6.830,51600,6.840,58300,6.850,12800,6.860,19500,6.870,2017-05-26,16:35:03
000919,金陵药业,10.710,10.720,10.680,10.760,10.630,10.680,10.700,2113160,22607643.630,1800,10.680,27924,10.670,2300,10.660,71093,10.650,1700,10.640,8900,10.700,5500,10.710,1300,10.720,9100,10.730,11700,10.740,2017-05-26,16:35:03
000920,南方汇通,13.820,13.860,13.750,14.130,13.650,13.740,13.750,6796532,94425734.000,41600,13.740,6700,13.730,6400,13.720,14200,13.710,43400,13.700,40705,13.750,12500,13.760,500,13.770,4000,13.780,3100,13.790,2017-05-26,16:35:03
000921,海信科龙,13.240,13.220,13.570,13.780,13.210,13.560,13.570,9753290,132549065.600,12400,13.560,78400,13.550,1400,13.540,1300,13.530,300,13.520,37300,13.570,50300,13.580,1400,13.590,25800,13.600,2500,13.610,2017-05-26,16:35:03
000922,*ST佳电,6.590,6.590,6.630,6.750,6.590,6.630,6.640,4954310,32972238.140,22286,6.630,27800,6.620,83600,6.610,45901,6.600,15800,6.590,42900,6.640,26900,6.650,45100,6.660,77300,6.670,32000,6.680,2017-05-26,16:35:03
000923,河北宣工,30.600,30.310,29.800,31.310,29.600,29.800,29.810,15052148,461019255.560,83704,29.800,2500,29.790,12000,29.780,53100,29.770,248000,29.760,4500,29.810,2400,29.820,1600,29.830,300,29.840,6900,29.850,2017-05-26,16:35:03
000925,众合科技,20.970,20.990,20.380,21.070,20.210,20.380,20.390,2605100,53591536.600,3700,20.380,79400,20.370,15800,20.360,7700,20.350,9500,20.340,8500,20.390,200,20.400,3800,20.410,11200,20.420,18200,20.440,2017-05-26,16:35:03
000926,福星股份,12.020,12.040,12.050,12.100,11.960,12.050,12.060,5719972,68777651.800,16600,12.050,32900,12.040,23200,12.030,6500,12.020,39500,12.010,65000,12.060,86000,12.070,98500,12.080,73200,12.090,140257,12.100,2017-05-26,16:35:03
000927,一汽夏利,4.790,4.760,4.830,4.960,4.760,4.820,4.830,16762056,81447659.430,17100,4.820,17800,4.810,116620,4.800,118700,4.790,351700,4.780,16200,4.830,23500,4.840,44400,4.850,58200,4.860,24600,4.870,2017-05-26,16:35:03
000928,中钢国际,8.720,8.730,8.820,8.930,8.670,8.810,8.820,25315892,223659941.690,38200,8.810,96700,8.800,17700,8.790,35000,8.780,10900,8.770,3900,8.820,71040,8.830,44912,8.840,200969,8.850,101400,8.860,2017-05-26,16:35:03
000929,兰州黄河,14.100,14.030,13.860,14.140,13.840,13.850,13.860,920959,12818828.040,20200,13.850,9000,13.840,2300,13.820,5200,13.810,16000,13.800,9991,13.860,1400,13.870,5000,13.880,1300,13.890,1200,13.900,2017-05-26,16:35:03
000930,中粮生化,10.110,10.170,10.210,10.380,10.100,10.210,10.220,15671617,160655535.140,87500,10.210,112500,10.200,112900,10.190,125200,10.180,85300,10.170,13900,10.220,65600,10.230,67200,10.240,68497,10.250,53700,10.260,2017-05-26,16:35:03
000931,中 关 村,8.120,8.200,8.160,8.330,8.100,8.160,8.170,10392078,85245231.850,115600,8.160,165600,8.150,24500,8.140,14300,8.130,40218,8.120,23400,8.170,68179,8.180,36100,8.190,26200,8.200,6000,8.210,2017-05-26,16:35:03
000932,*ST华菱,4.030,4.020,4.030,4.060,4.020,4.020,4.030,6535646,26390348.530,150561,4.020,94700,4.010,161200,4.000,400,3.990,306100,3.980,500,4.030,121000,4.040,128614,4.050,129075,4.060,17500,4.070,2017-05-26,16:35:03
000933,神火股份,6.330,6.320,6.330,6.390,6.280,6.320,6.330,10141382,64196844.010,435800,6.320,22900,6.310,132300,6.300,65400,6.290,57300,6.280,78400,6.330,89700,6.340,186127,6.350,257406,6.360,232660,6.370,2017-05-26,16:35:03
000935,四川双马,0.000,23.060,0.000,0.000,0.000,0.000,0.000,0,0.000,0,0.000,0,0.000,0,0.000,0,0.000,0,0.000,0,0.000,0,0.000,0,0.000,0,0.000,0,0.000,2017-05-26,16:35:03
000936,华西股份,6.720,6.700,6.750,6.780,6.670,6.740,6.750,3710308,25005110.420,155600,6.740,17200,6.730,35300,6.720,36400,6.710,49600,6.700,5900,6.750,80800,6.760,44900,6.770,40500,6.780,64100,6.790,2017-05-26,16:35:03
000937,冀中能源,5.980,6.030,5.970,6.120,5.960,5.970,5.980,39693850,239121401.760,610800,5.970,465800,5.960,594300,5.950,75200,5.940,80900,5.930,447200,5.980,130100,5.990,196800,6.000,154900,6.010,219300,6.020,2017-05-26,16:35:03
000938,紫光股份,52.100,51.900,52.450,52.850,51.880,52.440,52.450,1504158,78637015.480,200,52.440,6400,52.430,15900,52.420,5000,52.410,416,52.400,14000,52.450,5700,52.480,2358,52.490,14400,52.500,1400,52.530,2017-05-26,16:35:03
000939,凯迪生态,9.950,9.920,9.890,9.990,9.890,9.880,9.890,3281904,32637575.940,25400,9.880,3500,9.870,17100,9.860,17900,9.850,21600,9.830,6070,9.890,1800,9.900,13631,9.910,10900,9.920,10500,9.930,2017-05-26,16:35:03
000948,南天信息,11.810,11.820,11.820,11.930,11.750,11.820,11.830,2426072,28721415.000,8200,11.820,1000,11.810,7800,11.800,6000,11.790,10300,11.780,541,11.830,5000,11.840,6500,11.850,1542,11.860,3462,11.870,2017-05-26,16:35:03
000949,新乡化纤,4.590,4.600,4.560,4.620,4.550,4.560,4.570,4392126,20115313.300,49300,4.560,147774,4.550,66000,4.540,13700,4.530,15600,4.520,113425,4.570,104100,4.580,95197,4.590,140600,4.600,156600,4.610,2017-05-26,16:35:03
000950,*ST建峰,0.000,10.720,0.000,0.000,0.000,0.000,0.000,0,0.000,0,0.000,0,0.000,0,0.000,0,0.000,0,0.000,0,0.000,0,0.000,0,0.000,0,0.000,0,0.000,2017-05-10,16:35:03
000951,中国重汽,11.920,11.840,11.950,12.120,11.750,11.920,11.950,4704771,55998318.550,8800,11.920,12200,11.910,12200,11.900,8900,11.890,2100,11.880,635,11.950,3000,11.960,8500,11.970,1600,11.980,4100,11.990,2017-05-26,16:35:03
000952,广济药业,14.190,14.160,14.100,14.240,14.030,14.100,14.110,3083224,43543104.230,2200,14.100,17100,14.090,21013,14.080,12541,14.070,3000,14.060,16431,14.110,8000,14.120,1600,14.130,6300,14.140,7900,14.150,2017-05-26,16:35:03
000953,*ST河化,0.000,12.010,0.000,0.000,0.000,0.000,0.000,0,0.000,0,0.000,0,0.000,0,0.000,0,0.000,0,0.000,0,0.000,0,0.000,0,0.000,0,0.000,0,0.000,2017-05-26,16:35:03
000955,欣龙控股,5.680,5.680,5.720,5.780,5.640,5.710,5.720,4101461,23459870.670,34800,5.710,30700,5.700,16770,5.690,34100,5.680,12100,5.670,3300,5.720,10800,5.730,21200,5.740,22036,5.750,80000,5.760,2017-05-26,16:35:03
000957,中通客车,10.280,10.270,10.380,10.480,10.200,10.370,10.380,6462316,67101359.720,17700,10.370,8187,10.360,11500,10.350,8100,10.340,3100,10.330,74054,10.380,49938,10.390,20700,10.400,15900,10.410,13600,10.420,2017-05-26,16:35:03
000958,东方能源,10.200,10.030,9.790,10.650,9.750,9.780,9.790,237480170,2428522481.730,747500,9.780,137400,9.770,172000,9.760,508100,9.750,15200,9.740,203600,9.790,249800,9.800,89600,9.810,126950,9.820,101300,9.830,2017-05-26,16:35:03
000959,首钢股份,6.600,6.620,6.690,6.830,6.570,6.680,6.690,11817161,79169551.420,382200,6.680,336200,6.670,159000,6.660,222100,6.650,173760,6.640,55300,6.690,45700,6.700,30300,6.710,78200,6.720,33362,6.730,2017-05-26,16:35:03
000960,锡业股份,11.560,11.640,11.670,11.800,11.560,11.660,11.670,13946829,162833464.230,68900,11.660,61800,11.650,56300,11.640,41900,11.630,7500,11.620,16272,11.670,31100,11.680,3000,11.690,35900,11.700,16500,11.710,2017-05-26,16:35:03
000961,中南建设,6.500,6.540,6.630,6.780,6.450,6.630,6.640,42055994,280358852.150,260700,6.630,192100,6.620,185900,6.610,234800,6.600,21000,6.590,297200,6.640,221250,6.650,289106,6.660,168700,6.670,205300,6.680,2017-05-26,16:35:03
000962,东方钽业,8.400,8.460,8.420,8.520,8.370,8.420,8.430,1939499,16340541.340,4200,8.420,28600,8.410,25825,8.400,1500,8.390,17900,8.380,8400,8.430,12220,8.440,17400,8.450,13000,8.460,11716,8.470,2017-05-26,16:35:03
000963,华东医药,45.230,45.200,45.820,45.950,44.460,45.790,45.820,3791218,171423827.320,4200,45.790,1074,45.760,2400,45.750,1400,45.740,1200,45.660,9972,45.820,100,45.830,200,45.860,33426,45.900,800,45.910,2017-05-26,16:35:03
000965,天保基建,8.720,8.800,8.820,9.170,8.680,8.810,8.820,87058269,780059937.010,148200,8.810,85100,8.800,2600,8.790,9800,8.780,19900,8.770,128366,8.820,207331,8.830,85200,8.840,396769,8.850,216500,8.860,2017-05-26,16:35:03
000966,长源电力,4.650,4.660,4.640,4.670,4.620,4.630,4.640,3926905,18232832.470,97652,4.630,133200,4.620,58200,4.610,63900,4.600,10600,4.590,33900,4.640,92500,4.650,91700,4.660,120600,4.670,92300,4.680,2017-05-26,16:35:03
000967,盈峰环境,15.220,15.100,15.050,15.290,15.000,15.050,15.080,2507643,37946789.450,25315,15.050,2200,15.030,2300,15.020,11000,15.010,22100,15.000,200,15.080,5000,15.090,9000,15.100,29500,15.110,4000,15.120,2017-05-26,16:35:03
000968,蓝焰控股,12.820,12.780,12.980,13.100,12.310,12.900,12.980,6248165,79638191.070,4500,12.900,49704,12.890,8600,12.830,11500,12.810,4172,12.800,27100,12.980,83900,12.990,180600,13.000,400,13.010,6629,13.020,2017-05-26,16:35:03
000969,安泰科技,8.220,8.250,8.200,8.310,8.200,8.200,8.210,3484010,28716233.100,90700,8.200,27900,8.190,23300,8.180,19500,8.170,17200,8.160,79000,8.210,8800,8.220,19100,8.230,13200,8.240,13500,8.250,2017-05-26,16:35:03
000970,中科三环,12.890,12.960,12.840,13.030,12.730,12.830,12.840,6068826,78237951.780,11900,12.830,24800,12.820,39800,12.810,129300,12.800,1800,12.790,70107,12.840,38400,12.850,3528,12.860,27155,12.870,52100,12.880,2017-05-26,16:35:03
000971,高升控股,17.120,17.120,16.890,17.160,16.890,16.890,16.900,1523938,25917686.880,20597,16.890,20900,16.880,400,16.870,41500,16.860,3500,16.850,2300,16.900,2200,16.910,900,16.920,5500,16.930,224,16.950,2017-05-26,16:35:03
000972,*ST中基,4.020,4.020,4.000,4.030,3.990,4.000,4.010,3288672,13187392.700,209700,4.000,202800,3.990,29800,3.980,92900,3.970,93900,3.960,3600,4.010,34400,4.020,59702,4.030,29500,4.040,72700,4.050,2017-05-26,16:35:03
000973,佛塑科技,7.190,7.220,7.290,7.380,7.130,7.280,7.290,37209965,270860106.960,417400,7.280,71600,7.270,39500,7.260,48700,7.250,90800,7.240,157320,7.290,213600,7.300,185000,7.310,194800,7.320,105700,7.330,2017-05-26,16:35:03
000975,银泰资源,12.280,12.240,12.260,12.450,12.150,12.260,12.270,5151976,63241998.060,32306,12.260,9644,12.250,134095,12.240,2500,12.230,13100,12.220,12900,12.270,10000,12.280,11800,12.290,24012,12.300,18300,12.310,2017-05-26,16:35:03
000976,春晖股份,8.220,8.230,8.360,8.480,8.150,8.360,8.370,4237102,35551049.150,15100,8.360,22900,8.350,3000,8.340,17100,8.330,124600,8.320,15800,8.370,29417,8.380,3500,8.390,29600,8.400,9300,8.410,2017-05-26,16:35:03
000977,浪潮信息,17.460,17.510,17.670,18.290,17.280,17.670,17.680,17576365,312983897.470,89209,17.670,21900,17.660,33200,17.650,7800,17.640,21100,17.630,6600,17.680,18300,17.690,28300,17.700,31300,17.710,7898,17.720,2017-05-26,16:35:03
000978,桂林旅游,8.700,8.740,8.930,8.950,8.690,8.920,8.930,3401667,30124980.830,45600,8.920,50900,8.910,34600,8.900,500,8.890,9900,8.880,36000,8.930,46200,8.940,36500,8.950,11300,8.960,19300,8.970,2017-05-26,16:35:03
000979,中弘股份,2.700,2.700,2.630,2.710,2.630,2.630,2.640,58232409,155007711.740,866432,2.630,614300,2.620,717500,2.610,1016200,2.600,247800,2.590,1084415,2.640,974416,2.650,1055460,2.660,1265100,2.670,1421100,2.680,2017-05-26,16:35:03
000980,金马股份,12.140,12.160,12.930,13.300,12.090,12.930,12.940,15882595,202088730.490,204000,12.930,80100,12.920,33500,12.910,59900,12.900,400,12.890,200,12.940,400,12.950,400,12.960,2500,12.980,34500,12.990,2017-05-26,16:35:03
000981,银亿股份,0.000,10.140,0.000,0.000,0.000,0.000,0.000,0,0.000,0,0.000,0,0.000,0,0.000,0,0.000,0,0.000,0,0.000,0,0.000,0,0.000,0,0.000,0,0.000,2017-05-26,16:35:03
000982,*ST 中绒,0.000,9.150,0.000,0.000,0.000,0.000,0.000,0,0.000,0,0.000,0,0.000,0,0.000,0,0.000,0,0.000,0,0.000,0,0.000,0,0.000,0,0.000,0,0.000,2017-05-26,16:35:03
000983,西山煤电,7.710,7.810,7.740,7.930,7.700,7.740,7.750,28603667,222314071.550,98089,7.740,120053,7.730,176915,7.720,468432,7.710,491800,7.700,195100,7.750,41500,7.760,26900,7.770,216700,7.780,52400,7.790,2017-05-26,16:35:03
000985,大庆华科,23.950,24.000,23.850,24.500,23.810,23.850,23.870,923367,22254866.400,4560,23.850,2100,23.840,11600,23.830,1300,23.820,300,23.810,1300,23.870,3300,23.900,4900,23.910,4400,23.940,4100,23.950,2017-05-26,16:35:03
000987,越秀金控,11.510,11.500,11.390,11.550,11.380,11.390,11.400,2599990,29761461.740,17300,11.390,93800,11.380,3700,11.370,45300,11.360,114600,11.350,27500,11.400,7000,11.410,10400,11.420,12351,11.430,1800,11.440,2017-05-26,16:35:03
000988,华工科技,13.590,13.660,13.560,13.680,13.540,13.550,13.560,5492059,74763355.440,14700,13.550,43900,13.540,29100,13.530,18800,13.520,45700,13.510,151672,13.560,28200,13.570,275000,13.580,3335,13.590,45400,13.600,2017-05-26,16:35:03
000989,九 芝 堂,17.890,17.880,17.920,17.970,17.800,17.920,17.930,677462,12109063.950,35964,17.920,200,17.910,3286,17.900,8000,17.890,1060,17.880,460,17.930,900,17.940,9100,17.950,44500,17.960,5000,17.970,2017-05-26,16:35:03
000990,诚志股份,15.080,15.110,15.110,15.200,15.000,15.110,15.120,720983,10893780.990,6300,15.110,9000,15.100,30100,15.090,7100,15.080,3100,15.070,100,15.120,2600,15.130,3700,15.140,11400,15.150,4400,15.160,2017-05-26,16:35:03
000993,闽东电力,8.860,8.830,8.830,8.950,8.760,8.830,8.840,4135183,36530001.150,21500,8.830,35800,8.820,26000,8.810,48100,8.800,1300,8.790,11900,8.840,31200,8.850,14700,8.860,18000,8.870,28400,8.880,2017-05-26,16:35:03
000995,*ST皇台,10.990,11.000,11.070,11.110,10.860,11.060,11.070,817300,8999106.000,400,11.060,16300,11.050,100,11.040,2000,11.020,7300,11.000,7100,11.070,11200,11.080,10500,11.090,10100,11.100,41700,11.110,2017-05-26,16:35:03
000996,中国中期,17.780,17.810,18.350,18.840,17.750,18.350,18.360,9729243,179269225.050,33252,18.350,11900,18.340,4800,18.330,14400,18.320,18400,18.310,5500,18.360,22529,18.370,38638,18.380,15900,18.390,14910,18.400,2017-05-26,16:35:03
