股票代码,股票名称,今日开盘价,昨日收盘价,今日收盘价,今日最高价,今日最低价,买一报价,卖一报价,成交数量,成交金额,买一数量,买一报价,买二数量,买二报价,买三数量,买三报价,买四数量,买四报价,买五数量,买五报价,卖一数量,卖一报价,卖二数量,卖二报价,卖三数量,卖三报价,卖四数量,卖四报价,卖五数量,卖五报价,日期,时间
000001,平安银行,9.150,9.130,9.150,9.220,9.120,9.140,9.150,68546808,628281688.310,39200,9.140,642556,9.130,682400,9.120,450600,9.110,708100,9.100,146304,9.150,403234,9.160,434578,9.170,766080,9.180,997490,9.190,2017-06-09,15:05:03
000002,万 科Ａ,0.000,20.870,0.000,0.000,0.000,0.000,0.000,0,0.000,0,0.000,0,0.000,0,0.000,0,0.000,0,0.000,0,0.000,0,0.000,0,0.000,0,0.000,0,0.000,2017-06-09,15:05:03
000004,国农科技,0.000,36.000,0.000,0.000,0.000,0.000,0.000,0,0.000,0,0.000,0,0.000,0,0.000,0,0.000,0,0.000,0,0.000,0,0.000,0,0.000,0,0.000,0,0.000,2017-06-09,15:05:03
000005,世纪星源,5.300,5.280,5.300,5.340,5.230,5.290,5.300,6848352,36194750.350,111669,5.290,38186,5.280,59093,5.270,62500,5.260,62900,5.250,48000,5.300,87100,5.310,139200,5.320,265300,5.330,169700,5.340,2017-06-09,15:05:03
000006,深振业Ａ,8.910,8.850,9.120,9.160,8.830,9.120,9.130,53526865,482242701.870,96049,9.120,74382,9.110,129900,9.100,45900,9.090,209692,9.080,468850,9.130,203800,9.140,460200,9.150,248700,9.160,234200,9.170,2017-06-09,15:05:03
000007,全新好,0.000,15.870,0.000,0.000,0.000,0.000,0.000,0,0.000,0,0.000,0,0.000,0,0.000,0,0.000,0,0.000,0,0.000,0,0.000,0,0.000,0,0.000,0,0.000,2017-06-09,15:05:03
000008,神州高铁,7.270,7.250,7.300,7.310,7.220,7.290,7.300,8405393,61142968.160,34700,7.290,14100,7.280,25600,7.270,59840,7.260,255800,7.250,184919,7.300,200681,7.310,199800,7.320,67000,7.330,19000,7.340,2017-06-09,15:05:03
000009,中国宝安,7.570,7.570,7.590,7.620,7.530,7.590,7.600,12510295,94716528.100,29270,7.590,179506,7.580,78300,7.570,49437,7.560,44006,7.550,474201,7.600,208050,7.610,284650,7.620,156138,7.630,34100,7.640,2017-06-09,15:05:03
000010,美丽生态,5.200,5.290,5.330,5.440,5.200,5.330,5.340,23994154,128267489.860,206900,5.330,102900,5.320,68600,5.310,189700,5.300,49300,5.290,100100,5.340,90400,5.350,97200,5.360,66800,5.370,57700,5.380,2017-06-09,15:05:03
000011,深物业A,20.230,20.200,21.410,21.890,19.960,21.410,21.420,43489489,906956403.210,246900,21.410,187600,21.400,49300,21.390,2100,21.380,4600,21.370,33600,21.420,25700,21.430,4200,21.440,38300,21.450,1000,21.460,2017-06-09,15:05:03
000012,南 玻Ａ,9.230,9.220,9.230,9.310,9.140,9.230,9.240,10053965,92739580.920,158700,9.230,65084,9.220,24200,9.210,149041,9.200,43500,9.190,63400,9.240,93695,9.250,54600,9.260,57100,9.270,132100,9.280,2017-06-09,15:05:03
000014,沙河股份,18.030,18.180,18.220,18.460,17.910,18.210,18.220,6756740,122855374.140,6300,18.210,12200,18.200,3500,18.190,6700,18.180,9100,18.170,9300,18.220,22200,18.230,17000,18.240,28301,18.250,13900,18.260,2017-06-09,15:05:03
000016,深康佳Ａ,4.670,4.670,4.640,4.670,4.610,4.630,4.640,18151615,83978777.950,531235,4.630,96600,4.620,473600,4.610,389700,4.600,106100,4.590,117965,4.640,249500,4.650,358656,4.660,510100,4.670,732300,4.680,2017-06-09,15:05:03
000017,深中华A,8.560,8.600,8.830,8.960,8.530,8.820,8.830,7888379,69409141.950,235000,8.820,14603,8.800,14500,8.790,29200,8.780,6600,8.770,4000,8.830,135501,8.840,23000,8.850,23200,8.860,11400,8.870,2017-06-09,15:05:03
000018,神州长城,7.990,7.930,7.870,8.050,7.780,7.870,7.880,18405414,144923632.090,24980,7.870,104100,7.860,260600,7.850,35700,7.840,16300,7.830,50900,7.880,36495,7.890,195512,7.900,103500,7.910,71300,7.920,2017-06-09,15:05:03
000019,深深宝Ａ,13.410,12.610,13.870,13.870,13.230,13.870,0.000,30726523,422250132.570,4111967,13.870,56400,13.860,13200,13.850,7000,13.840,2100,13.830,0,0.000,0,0.000,0,0.000,0,0.000,0,0.000,2017-06-09,15:05:03
000020,深华发Ａ,0.000,19.200,0.000,0.000,0.000,0.000,0.000,0,0.000,0,0.000,0,0.000,0,0.000,0,0.000,0,0.000,0,0.000,0,0.000,0,0.000,0,0.000,0,0.000,2017-06-09,15:05:03
000021,深科技,8.540,8.550,8.530,8.570,8.430,8.530,8.540,6667639,56662002.930,225300,8.530,35500,8.520,56268,8.510,105282,8.500,26900,8.490,129400,8.540,67700,8.550,26900,8.560,36900,8.570,76150,8.580,2017-06-09,15:05:03
000022,深赤湾Ａ,27.170,27.550,27.030,27.490,26.610,27.030,27.040,14781221,398696059.810,44310,27.030,63900,27.020,3800,27.010,53900,27.000,7800,26.990,39816,27.040,29900,27.050,14269,27.060,15500,27.070,10900,27.080,2017-06-09,15:05:03
000023,深天地Ａ,23.960,24.200,25.330,26.580,23.960,25.310,25.330,5375942,136639291.340,100,25.310,4400,25.300,2100,25.290,100,25.220,5900,25.210,20980,25.330,200,25.340,800,25.350,5350,25.360,300,25.370,2017-06-09,15:05:03
000025,特 力Ａ,37.460,37.460,41.210,41.210,36.410,41.210,0.000,10020517,395645750.280,1242120,41.210,8200,41.200,1100,41.190,4200,41.180,1400,41.170,0,0.000,0,0.000,0,0.000,0,0.000,0,0.000,2017-06-09,15:05:03
000026,飞亚达Ａ,12.250,12.250,12.320,12.430,12.180,12.320,12.330,3437868,42360474.050,25840,12.320,32100,12.310,23700,12.300,21500,12.290,17400,12.280,11500,12.330,11500,12.340,39700,12.350,37600,12.360,4200,12.370,2017-06-09,15:05:03
000027,深圳能源,6.750,6.800,6.880,7.030,6.720,6.880,6.890,30979647,212559647.880,34515,6.880,75783,6.870,214584,6.860,144342,6.850,68400,6.840,169945,6.890,224800,6.900,80000,6.910,87630,6.920,98250,6.930,2017-06-09,15:05:03
000028,国药一致,76.660,76.650,77.200,77.700,75.500,77.200,77.410,720119,55282348.180,2860,77.200,8500,77.190,700,77.180,300,77.170,200,77.160,200,77.410,500,77.420,200,77.450,300,77.480,1500,77.490,2017-06-09,15:05:03
000029,深深房Ａ,0.000,11.170,0.000,0.000,0.000,0.000,0.000,0,0.000,0,0.000,0,0.000,0,0.000,0,0.000,0,0.000,0,0.000,0,0.000,0,0.000,0,0.000,0,0.000,2017-06-09,15:05:03
000030,富奥股份,8.580,8.610,8.650,8.670,8.530,8.640,8.650,7146357,61555067.090,98800,8.640,39100,8.630,8700,8.620,28400,8.610,11700,8.600,99110,8.650,79812,8.660,156363,8.670,131500,8.680,130300,8.690,2017-06-09,15:05:03
000031,中粮地产,7.480,7.480,7.490,7.530,7.440,7.480,7.490,7760693,58103699.910,100400,7.480,107400,7.470,167543,7.460,248300,7.450,122300,7.440,48400,7.490,111254,7.500,348400,7.510,327000,7.520,166600,7.530,2017-06-09,15:05:03
000032,深桑达Ａ,0.000,15.690,0.000,0.000,0.000,0.000,0.000,0,0.000,0,0.000,0,0.000,0,0.000,0,0.000,0,0.000,0,0.000,0,0.000,0,0.000,0,0.000,0,0.000,2017-06-09,15:05:03
000033,新都退,2.500,2.780,2.500,2.500,2.500,0.000,2.500,75200,188000.000,0,0.000,0,0.000,0,0.000,0,0.000,0,0.000,151300878,2.500,304532,2.510,83264,2.520,127026,2.530,12102,2.540,2017-06-09,15:05:03
000034,神州数码,0.000,24.450,0.000,0.000,0.000,0.000,0.000,0,0.000,0,0.000,0,0.000,0,0.000,0,0.000,0,0.000,0,0.000,0,0.000,0,0.000,0,0.000,0,0.000,2017-06-09,15:05:03
000035,中国天楹,6.830,6.870,6.880,6.880,6.800,6.870,6.880,6655321,45638698.820,153844,6.870,60335,6.860,113900,6.850,126800,6.840,50000,6.830,23420,6.880,86700,6.890,63200,6.900,40200,6.910,67300,6.920,2017-06-09,15:05:03
000036,华联控股,8.900,8.890,9.090,9.100,8.860,9.080,9.090,26493006,237613805.570,630800,9.080,146500,9.070,207000,9.060,292200,9.050,288087,9.040,330000,9.090,599800,9.100,173500,9.110,114200,9.120,78600,9.130,2017-06-09,15:05:03
000037,深南电A,10.190,10.240,10.250,10.350,10.080,10.240,10.250,2500093,25473937.290,2800,10.240,24900,10.230,22000,10.220,3100,10.200,2200,10.190,20100,10.250,109400,10.260,11900,10.270,27410,10.280,23200,10.290,2017-06-09,15:05:03
000038,深大通,0.000,31.740,0.000,0.000,0.000,0.000,0.000,0,0.000,0,0.000,0,0.000,0,0.000,0,0.000,0,0.000,0,0.000,0,0.000,0,0.000,0,0.000,0,0.000,2017-06-09,15:05:03
000039,中集集团,17.020,17.030,16.920,17.050,16.830,16.920,16.930,18386710,311339518.130,17013,16.920,16145,16.910,135825,16.900,11300,16.890,69500,16.880,45300,16.930,157000,16.940,55042,16.950,14300,16.960,9300,16.970,2017-06-09,15:05:03
000040,东旭蓝天,12.790,12.960,12.650,12.870,12.300,12.650,12.660,11215779,141196685.880,60260,12.650,79900,12.640,95500,12.630,4000,12.620,57600,12.610,1700,12.660,16100,12.670,4100,12.680,19900,12.690,67800,12.700,2017-06-09,15:05:03
000042,中洲控股,18.030,17.910,17.880,18.030,17.800,17.870,17.880,375744,6716338.420,411,17.870,7500,17.850,12100,17.830,7600,17.820,7900,17.810,2200,17.880,10800,17.890,3500,17.900,700,17.910,3000,17.920,2017-06-09,15:05:03
000043,中航地产,9.800,9.710,9.690,9.800,9.550,9.680,9.690,6067699,58425119.460,9400,9.680,9400,9.670,61100,9.660,106400,9.650,108700,9.640,31208,9.690,29800,9.700,28000,9.710,85700,9.720,15300,9.730,2017-06-09,15:05:03
000045,深纺织Ａ,12.300,12.280,12.410,12.830,12.150,12.410,12.420,25621943,319248372.130,8300,12.410,76900,12.400,98800,12.390,100700,12.380,59700,12.370,23400,12.420,3300,12.430,19300,12.440,16900,12.450,3900,12.460,2017-06-09,15:05:03
000046,泛海控股,8.400,8.430,8.430,8.440,8.380,8.430,8.440,2800778,23556004.390,12900,8.430,50825,8.420,70700,8.410,67500,8.400,50802,8.390,66765,8.440,108210,8.450,48500,8.460,67400,8.470,26276,8.480,2017-06-09,15:05:03
000048,康达尔,27.600,27.280,27.250,27.600,24.610,27.230,27.250,453197,12345340.230,2900,27.230,3600,27.220,44400,27.200,100,27.080,600,27.060,1300,27.250,1500,27.310,6700,27.330,100,27.340,1000,27.350,2017-06-09,15:05:03
000049,德赛电池,51.980,52.180,52.350,53.150,48.600,52.350,52.360,11497715,581029457.590,500,52.350,7100,52.340,17300,52.330,1400,52.320,1600,52.310,100,52.360,8002,52.400,3000,52.410,235,52.420,2000,52.430,2017-06-09,15:05:03
000050,深天马Ａ,17.990,17.940,17.890,18.070,17.600,17.890,17.900,19679426,350418835.850,14600,17.890,51800,17.880,34166,17.870,21900,17.860,26500,17.850,78500,17.900,40686,17.910,45614,17.920,31742,17.930,63700,17.940,2017-06-09,15:05:03
000055,方大集团,7.540,7.540,7.390,7.540,7.300,7.390,7.400,8931287,66025864.790,171763,7.390,25200,7.380,54650,7.370,15600,7.360,27500,7.350,113200,7.400,37261,7.410,8250,7.420,10200,7.430,4400,7.440,2017-06-09,15:05:03
000056,皇庭国际,12.030,11.980,11.730,12.030,11.700,11.730,11.740,1078486,12697303.780,11814,11.730,12100,11.720,20500,11.710,32300,11.700,42900,11.680,4800,11.740,2800,11.750,3700,11.760,16600,11.780,4000,11.790,2017-06-09,15:05:03
000058,深 赛 格,7.810,7.860,7.950,8.180,7.770,7.950,7.960,11359223,91006045.500,74100,7.950,3400,7.940,11400,7.930,91300,7.920,44293,7.910,40800,7.960,108100,7.970,32500,7.980,38300,7.990,45500,8.000,2017-06-09,15:05:03
000059,华锦股份,10.120,10.080,10.210,10.230,10.060,10.200,10.210,18584537,188593875.850,358916,10.200,135293,10.190,73900,10.180,91800,10.170,190600,10.160,278440,10.210,157000,10.220,148800,10.230,129000,10.240,201300,10.250,2017-06-09,15:05:03
000060,中金岭南,10.060,10.040,10.000,10.080,9.910,9.990,10.000,10283633,102627868.860,121968,9.990,89399,9.980,37800,9.970,51400,9.960,96000,9.950,551400,10.000,100391,10.010,108300,10.020,134400,10.030,78599,10.040,2017-06-09,15:05:03
000061,农 产 品,9.070,9.090,9.080,9.170,9.030,9.070,9.080,7752404,70427168.590,13200,9.070,73881,9.060,49200,9.050,28600,9.040,32000,9.030,10358,9.080,51300,9.090,45127,9.100,70500,9.110,41000,9.120,2017-06-09,15:05:03
000062,深圳华强,28.940,28.980,28.600,28.940,27.910,28.600,28.610,15419477,438049724.980,20100,28.600,9100,28.590,15900,28.580,200,28.570,3300,28.560,62100,28.610,26400,28.620,47300,28.630,20800,28.640,7100,28.650,2017-06-09,15:05:03
000063,中兴通讯,20.660,20.630,20.980,21.090,20.570,20.980,20.990,45549467,950759889.900,184637,20.980,174900,20.970,24300,20.960,67600,20.950,77340,20.940,287440,20.990,868388,21.000,125688,21.010,60393,21.020,67600,21.030,2017-06-09,15:05:03
000065,北方国际,23.610,23.830,24.920,24.920,23.610,24.910,24.920,8812479,214497855.250,43900,24.910,41700,24.900,3800,24.890,21100,24.880,1600,24.870,48241,24.920,59000,24.930,5400,24.940,19500,24.950,5500,24.960,2017-06-09,15:05:03
000066,中国长城,8.490,8.500,8.540,8.550,8.380,8.530,8.540,21317642,180269395.410,5000,8.530,72500,8.510,67480,8.500,80866,8.490,64000,8.480,996,8.540,188133,8.550,108700,8.560,31100,8.570,58900,8.580,2017-06-09,15:05:03
000068,华控赛格,7.160,7.180,7.090,7.450,7.090,7.090,7.100,12011607,86701572.910,3000,7.090,31100,7.080,52000,7.070,16900,7.060,15400,7.050,175725,7.100,87100,7.110,24500,7.120,7400,7.130,31750,7.140,2017-06-09,15:05:03
000069,华侨城Ａ,9.230,9.240,9.310,9.530,9.230,9.310,9.320,48466992,455775357.070,376979,9.310,584773,9.300,63000,9.290,170170,9.280,53000,9.270,292172,9.320,19580,9.330,12400,9.340,117633,9.350,29300,9.360,2017-06-09,15:05:03
000070,特发信息,12.600,12.310,12.260,13.230,12.230,12.260,12.270,36576414,464115471.260,1600,12.260,27530,12.250,16800,12.240,20600,12.230,16100,12.220,18800,12.270,3600,12.280,17200,12.290,40400,12.300,40978,12.310,2017-06-09,15:05:03
000078,海王生物,5.930,5.940,6.000,6.010,5.930,5.990,6.000,10144134,60574181.950,98000,5.990,60000,5.980,95400,5.970,30400,5.960,75200,5.950,553729,6.000,521800,6.010,397050,6.020,346750,6.030,203247,6.040,2017-06-09,15:05:03
000088,盐 田 港,11.060,11.320,10.830,11.320,10.800,10.830,10.840,65934150,724221859.050,219300,10.830,218200,10.820,180659,10.810,678500,10.800,21100,10.790,108094,10.840,93900,10.850,25400,10.860,33500,10.870,63200,10.880,2017-06-09,15:05:03
000089,深圳机场,9.590,9.600,9.460,9.610,9.380,9.460,9.470,16559892,157330441.990,15200,9.460,76425,9.450,79500,9.440,14800,9.430,17200,9.420,85795,9.470,234065,9.480,57600,9.490,91756,9.500,42079,9.510,2017-06-09,15:05:03
000090,天健集团,11.180,11.200,11.280,11.360,11.030,11.270,11.280,24448674,273831142.250,291200,11.270,82900,11.260,34966,11.250,5800,11.240,28600,11.230,239508,11.280,93900,11.290,151700,11.300,88160,11.310,143904,11.320,2017-06-09,15:05:03
000096,广聚能源,15.180,15.270,15.170,15.430,15.040,15.170,15.180,1543880,23582101.380,100,15.170,2000,15.160,20200,15.150,2296,15.130,4900,15.120,28500,15.180,1700,15.190,11366,15.200,15500,15.210,100,15.220,2017-06-09,15:05:03
000099,中信海直,0.000,11.260,0.000,0.000,0.000,0.000,0.000,0,0.000,0,0.000,0,0.000,0,0.000,0,0.000,0,0.000,0,0.000,0,0.000,0,0.000,0,0.000,0,0.000,2017-06-09,15:05:03
000100,TCL 集团,0.000,3.430,0.000,0.000,0.000,0.000,0.000,0,0.000,0,0.000,0,0.000,0,0.000,0,0.000,0,0.000,0,0.000,0,0.000,0,0.000,0,0.000,0,0.000,2017-06-09,15:05:03
000150,宜华健康,25.450,25.480,25.480,25.520,25.270,25.480,25.490,826600,20994313.680,41500,25.480,2600,25.460,3200,25.410,8400,25.400,4600,25.390,19300,25.490,24840,25.500,2500,25.510,5068,25.520,1300,25.530,2017-06-09,15:05:03
000151,中成股份,20.110,20.300,20.110,20.870,20.010,20.110,20.120,20616701,420297330.790,83400,20.110,76700,20.100,16700,20.090,27700,20.080,6800,20.070,10400,20.120,700,20.130,29400,20.140,3200,20.150,12300,20.160,2017-06-09,15:05:03
000153,丰原药业,0.000,12.520,0.000,0.000,0.000,0.000,0.000,0,0.000,0,0.000,0,0.000,0,0.000,0,0.000,0,0.000,0,0.000,0,0.000,0,0.000,0,0.000,0,0.000,2017-06-09,15:05:03
000155,*ST川化,0.000,10.270,0.000,0.000,0.000,0.000,0.000,0,0.000,0,0.000,0,0.000,0,0.000,0,0.000,0,0.000,0,0.000,0,0.000,0,0.000,0,0.000,0,0.000,2016-05-09,16:00:57
000156,华数传媒,14.680,14.720,14.780,14.800,14.610,14.770,14.780,3832426,56285763.820,11200,14.770,17600,14.760,1000,14.750,32026,14.740,13464,14.730,31000,14.780,4700,14.790,26936,14.800,9300,14.810,13500,14.820,2017-06-09,15:05:03
000157,中联重科,4.420,4.420,4.460,4.470,4.410,4.450,4.460,39790801,176484924.680,270000,4.450,576817,4.440,1186400,4.430,735467,4.420,1069600,4.410,1157988,4.460,1440222,4.470,995138,4.480,1032600,4.490,1196940,4.500,2017-06-09,15:05:03
000158,常山股份,15.300,15.610,15.670,15.710,15.040,15.670,15.680,57455551,881437788.040,118059,15.670,380000,15.660,20600,15.650,19300,15.640,43900,15.630,114700,15.680,50600,15.690,109300,15.700,43600,15.710,14200,15.720,2017-06-09,15:05:03
000159,国际实业,6.510,6.520,6.480,6.530,6.350,6.480,6.490,6618535,42554989.650,26270,6.480,22800,6.470,49098,6.460,20000,6.450,21800,6.440,85500,6.490,149900,6.500,36100,6.510,73600,6.520,26000,6.530,2017-06-09,15:05:03
000166,申万宏源,5.720,5.700,5.720,5.740,5.690,5.710,5.720,18692536,106802225.520,289024,5.710,439148,5.700,467900,5.690,480500,5.680,192700,5.670,417265,5.720,1042191,5.730,1061445,5.740,996420,5.750,413175,5.760,2017-06-09,15:05:03
000301,东方市场,0.000,5.100,0.000,0.000,0.000,0.000,0.000,0,0.000,0,0.000,0,0.000,0,0.000,0,0.000,0,0.000,0,0.000,0,0.000,0,0.000,0,0.000,0,0.000,2017-06-09,15:05:03
000333,美的集团,40.390,40.250,40.300,41.060,39.770,40.300,40.310,48933750,1982802646.900,1390,40.300,1200,40.280,200,40.270,9600,40.260,4500,40.250,82000,40.310,28000,40.320,70700,40.330,12825,40.340,60400,40.350,2017-06-09,15:05:03
000338,潍柴动力,11.400,11.420,11.590,11.620,11.340,11.590,11.600,40520714,466637102.990,291328,11.590,447200,11.580,190688,11.570,103412,11.560,107800,11.550,877749,11.600,254446,11.610,369980,11.620,214600,11.630,146300,11.640,2017-06-09,15:05:03
000400,许继电气,16.480,16.500,17.050,17.160,16.350,17.040,17.050,13360956,224415248.920,9400,17.040,17600,17.030,5600,17.020,3300,17.010,10600,17.000,119900,17.050,24200,17.060,20400,17.070,15400,17.080,47646,17.090,2017-06-09,15:05:03
000401,冀东水泥,16.500,16.520,16.880,16.910,16.360,16.880,16.890,61034614,1018614205.600,168099,16.880,382600,16.870,162700,16.860,56878,16.850,10000,16.840,329900,16.890,539800,16.900,78200,16.910,64500,16.920,37700,16.930,2017-06-09,15:05:03
000402,金 融 街,11.970,11.930,12.200,12.390,11.780,12.200,12.210,30364529,366011406.550,100997,12.200,94426,12.190,77581,12.180,30000,12.170,17800,12.160,283291,12.210,328846,12.220,94694,12.230,97284,12.240,129901,12.250,2017-06-09,15:05:03
000403,ST生化,28.480,28.360,28.290,28.550,28.120,28.250,28.290,839800,23740998.400,5700,28.250,1000,28.230,13500,28.220,1500,28.210,20260,28.200,3400,28.290,500,28.300,200,28.320,1300,28.340,10900,28.350,2017-06-09,15:05:03
000404,华意压缩,7.730,7.740,7.610,7.800,7.540,7.600,7.610,8209450,62595323.920,41300,7.600,61200,7.590,47300,7.580,18200,7.570,68800,7.560,59100,7.610,20294,7.620,43400,7.630,32300,7.640,27400,7.650,2017-06-09,15:05:03
000407,胜利股份,10.300,10.120,10.230,10.920,10.160,10.220,10.230,14431013,149952102.450,5390,10.220,8700,10.190,61500,10.180,8600,10.170,21300,10.160,9700,10.230,78500,10.240,117908,10.250,7300,10.260,19800,10.290,2017-06-09,15:05:03
000408,金谷源,13.950,13.950,13.780,13.980,13.760,13.780,13.790,1691603,23419595.790,35000,13.780,31300,13.770,13700,13.760,4800,13.750,800,13.740,400,13.790,21800,13.800,100,13.810,10000,13.820,8600,13.840,2017-06-09,15:05:03
000409,山东地矿,9.400,9.460,9.750,9.950,9.340,9.750,9.760,13451475,128809035.380,172636,9.750,109100,9.740,22800,9.730,9900,9.720,15200,9.710,67259,9.760,42400,9.770,14137,9.780,26739,9.790,60270,9.800,2017-06-09,15:05:03
000410,*ST沈机,7.550,7.580,7.370,7.560,7.300,7.360,7.370,19990142,148193567.890,294400,7.360,128600,7.350,67800,7.340,99000,7.330,49300,7.320,5500,7.370,9277,7.380,26600,7.390,33700,7.400,55000,7.410,2017-06-09,15:05:03
000411,英特集团,21.890,21.900,21.700,21.960,21.600,21.700,21.760,286251,6231581.550,400,21.700,14400,21.690,5800,21.680,10000,21.660,1000,21.650,11800,21.760,4800,21.770,2700,21.860,2100,21.870,3900,21.880,2017-06-09,15:05:03
000413,东旭光电,10.060,10.040,10.000,10.090,9.940,9.990,10.000,32048393,320458515.880,300500,9.990,190300,9.980,216500,9.970,92374,9.960,403613,9.950,1971200,10.000,149234,10.010,123400,10.020,167100,10.030,188800,10.040,2017-06-09,15:05:03
000415,渤海金控,6.500,6.500,6.550,6.550,6.470,6.540,6.550,15208838,99176340.810,200218,6.540,194300,6.530,215809,6.520,204905,6.510,109951,6.500,390179,6.550,442400,6.560,575701,6.570,1270100,6.580,172000,6.590,2017-06-09,15:05:03
000416,民生控股,7.970,7.950,8.160,8.160,7.810,8.160,8.170,3553113,28454154.060,22000,8.160,14700,8.150,22401,8.140,7400,8.130,10000,8.120,32300,8.170,34700,8.180,30200,8.190,46500,8.200,4900,8.210,2017-06-09,15:05:03
000417,合肥百货,8.190,8.190,8.180,8.220,8.100,8.180,8.190,4177976,34121471.170,110700,8.180,43800,8.170,32500,8.160,19700,8.150,8300,8.140,11300,8.190,171300,8.200,65400,8.210,133428,8.220,230500,8.230,2017-06-09,15:05:03
000418,小天鹅Ａ,49.540,49.840,49.830,50.500,49.200,49.820,49.830,1759350,87610765.300,3100,49.820,33700,49.800,7900,49.790,100,49.780,500,49.760,400,49.830,100,49.840,2400,49.860,8500,49.870,1200,49.880,2017-06-09,15:05:03
000419,通程控股,6.870,6.890,6.940,6.940,6.870,6.930,6.940,1967303,13592259.400,31400,6.930,14100,6.920,22800,6.910,12700,6.900,12000,6.890,90796,6.940,35801,6.950,25800,6.960,15600,6.970,53700,6.980,2017-06-09,15:05:03
000420,吉林化纤,3.050,3.050,3.070,3.080,3.030,3.060,3.070,6784229,20727610.150,444190,3.060,300400,3.050,1199600,3.040,344079,3.030,359700,3.020,199400,3.070,695500,3.080,471356,3.090,791679,3.100,381860,3.110,2017-06-09,15:05:03
000421,南京公用,7.180,7.170,7.150,7.190,7.080,7.140,7.150,1999723,14237510.220,1900,7.140,7188,7.130,20500,7.120,13000,7.110,39900,7.100,13100,7.150,26800,7.160,28700,7.170,35000,7.180,25053,7.190,2017-06-09,15:05:03
000422,湖北宜化,5.740,5.750,5.750,5.760,5.710,5.750,5.760,12497145,71633708.060,117800,5.750,79600,5.740,98300,5.730,64500,5.720,186100,5.710,660659,5.760,127900,5.770,168800,5.780,2754966,5.790,125400,5.800,2017-06-09,15:05:03
000423,东阿阿胶,68.900,69.190,69.180,69.960,68.660,69.180,69.190,8695752,602320569.280,727,69.180,100,69.170,1200,69.160,3300,69.150,300,69.140,10100,69.190,26300,69.200,200,69.210,18400,69.220,16802,69.230,2017-06-09,15:05:03
000425,徐工机械,3.470,3.470,3.540,3.550,3.450,3.540,3.550,72974632,256505407.330,17732,3.540,966268,3.530,696046,3.520,1000066,3.510,1169500,3.500,3286754,3.550,1348000,3.560,1644700,3.570,961600,3.580,1006000,3.590,2017-06-09,15:05:03
000426,兴业矿业,7.930,7.930,7.850,7.930,7.800,7.840,7.850,6079388,47701291.820,23200,7.840,44800,7.830,34700,7.820,123387,7.810,162100,7.800,10300,7.850,28700,7.860,88400,7.870,44150,7.880,77300,7.890,2017-06-09,15:05:03
000428,华天酒店,5.070,5.080,5.090,5.110,5.010,5.080,5.090,3347730,16937638.840,250517,5.080,108700,5.070,208800,5.060,34600,5.050,13100,5.040,91100,5.090,117300,5.100,160100,5.110,132500,5.120,116200,5.130,2017-06-09,15:05:03
000429,粤高速Ａ,8.960,8.980,8.700,8.960,8.680,8.700,8.710,23065116,201678683.090,148500,8.700,268900,8.690,174451,8.680,59000,8.670,235000,8.660,414500,8.710,102700,8.720,87300,8.730,115700,8.740,120300,8.750,2017-06-09,15:05:03
000430,张家界,10.610,10.600,10.600,10.610,10.470,10.600,10.610,2160915,22742016.820,3500,10.600,3700,10.570,7700,10.560,27300,10.550,3800,10.530,67744,10.610,9100,10.620,3500,10.640,12900,10.650,6500,10.660,2017-06-09,15:05:03
000488,晨鸣纸业,12.370,12.270,12.310,12.380,12.260,12.310,12.320,22462538,276601152.710,8600,12.310,286135,12.300,84800,12.290,179000,12.280,86700,12.270,198800,12.320,137274,12.330,114800,12.340,208000,12.350,185100,12.360,2017-06-09,15:05:03
000498,山东路桥,7.100,7.160,7.050,7.140,6.930,7.050,7.060,8475756,59540864.650,41600,7.050,45600,7.040,35100,7.030,19800,7.020,17000,7.010,38800,7.060,34200,7.070,34400,7.080,23400,7.090,34100,7.100,2017-06-09,15:05:03
000501,鄂武商Ａ,17.630,17.600,17.500,18.000,17.500,17.500,17.560,9425440,167734014.000,35942,17.500,800,17.490,7300,17.480,6900,17.470,57000,17.460,7000,17.560,57750,17.570,25454,17.580,28722,17.590,33940,17.600,2017-06-09,15:05:03
000502,绿景控股,13.690,14.070,13.380,13.960,13.020,13.370,13.380,16118420,216984775.320,50700,13.370,28700,13.360,38400,13.350,10600,13.340,7000,13.330,53600,13.380,12142,13.390,14700,13.400,22900,13.410,1100,13.430,2017-06-09,15:05:03
000503,海虹控股,0.000,24.930,0.000,0.000,0.000,0.000,0.000,0,0.000,0,0.000,0,0.000,0,0.000,0,0.000,0,0.000,0,0.000,0,0.000,0,0.000,0,0.000,0,0.000,2017-06-09,15:05:03
000504,南华生物,22.190,22.280,22.190,22.600,22.100,22.180,22.190,4775760,106459109.770,67200,22.180,88101,22.170,17200,22.160,28800,22.150,14400,22.140,19900,22.190,63266,22.200,7900,22.210,32411,22.220,1700,22.230,2017-06-09,15:05:03
000505,珠江控股,9.940,10.150,10.300,11.100,9.900,10.280,10.300,11099451,116066177.480,700,10.280,43700,10.270,19400,10.260,25700,10.250,9800,10.240,25100,10.300,14000,10.310,3300,10.320,2600,10.330,1000,10.340,2017-06-09,15:05:03
000506,中润资源,0.000,8.750,0.000,0.000,0.000,0.000,0.000,0,0.000,0,0.000,0,0.000,0,0.000,0,0.000,0,0.000,0,0.000,0,0.000,0,0.000,0,0.000,0,0.000,2017-06-09,15:05:03
000507,珠海港,12.500,12.460,12.430,12.970,12.100,12.420,12.430,224437840,2809644739.650,760600,12.420,79500,12.410,358060,12.400,986800,12.390,69800,12.380,1049900,12.430,108800,12.440,158400,12.450,284300,12.460,107000,12.470,2017-06-09,15:05:03
000509,华塑控股,6.240,6.270,6.150,6.240,6.120,6.150,6.160,7254198,44687455.440,68683,6.150,30100,6.140,61500,6.130,97100,6.120,96900,6.110,22600,6.160,22503,6.170,18003,6.180,43400,6.190,138600,6.200,2017-06-09,15:05:03
000510,金路集团,7.080,7.140,7.110,7.160,7.010,7.100,7.110,5785301,40923101.620,69900,7.100,3200,7.090,18400,7.080,14600,7.070,24000,7.060,94100,7.110,98540,7.120,35200,7.130,101300,7.140,274900,7.150,2017-06-09,15:05:03
000511,*ST烯碳,0.000,5.270,0.000,0.000,0.000,0.000,0.000,0,0.000,0,0.000,0,0.000,0,0.000,0,0.000,0,0.000,0,0.000,0,0.000,0,0.000,0,0.000,0,0.000,2017-06-09,15:05:03
000513,丽珠集团,65.000,65.470,65.110,66.300,64.880,65.110,65.130,3088740,201921281.340,1940,65.110,6500,65.100,100,65.090,600,65.050,3600,65.040,1100,65.130,3900,65.140,2600,65.150,1000,65.180,1800,65.200,2017-06-09,15:05:03
000514,渝 开 发,7.310,7.340,7.410,7.490,7.240,7.400,7.410,11621705,85802212.600,73900,7.400,55200,7.390,157500,7.380,6100,7.370,21400,7.360,27300,7.410,63000,7.420,148500,7.430,131100,7.440,346400,7.450,2017-06-09,15:05:03
000516,国际医学,5.630,5.730,5.680,5.760,5.620,5.670,5.680,27823572,157850643.490,119600,5.670,51100,5.660,140112,5.650,260050,5.640,253370,5.630,80987,5.680,125700,5.690,187636,5.700,158500,5.710,304400,5.720,2017-06-09,15:05:03
000517,荣安地产,4.600,4.570,4.610,4.630,4.500,4.610,4.620,5587187,25467464.800,21700,4.610,12200,4.600,10200,4.590,18022,4.580,21900,4.570,117300,4.620,144600,4.630,97600,4.640,216400,4.650,41100,4.660,2017-06-09,15:05:03
000518,四环生物,7.180,7.200,7.170,7.220,7.130,7.160,7.170,1519847,10886790.210,79800,7.160,9200,7.150,24400,7.140,24077,7.130,25200,7.120,74127,7.170,5000,7.180,29736,7.190,84800,7.200,37100,7.210,2017-06-09,15:05:03
000519,中兵红箭,12.170,12.180,12.270,12.540,11.870,12.260,12.270,15797931,192794667.260,31475,12.260,46091,12.250,27037,12.240,21200,12.230,90300,12.220,136600,12.270,64400,12.280,60200,12.290,104500,12.300,42288,12.310,2017-06-09,15:05:03
000520,长航凤凰,5.900,5.940,6.060,6.170,5.900,6.060,6.070,13696087,82854809.470,51800,6.060,103734,6.050,38200,6.040,37100,6.030,57100,6.020,120300,6.070,104000,6.080,127400,6.090,335500,6.100,51100,6.110,2017-06-09,15:05:03
000521,美菱电器,6.020,6.040,6.070,6.080,6.010,6.060,6.070,5018200,30357348.880,20479,6.060,130550,6.050,122800,6.040,77100,6.030,124813,6.020,63148,6.070,84301,6.080,88200,6.090,111171,6.100,108700,6.110,2017-06-09,15:05:03
000523,广州浪奇,9.730,9.770,9.630,9.780,9.550,9.630,9.640,3581090,34492774.200,34400,9.630,39600,9.620,15200,9.610,26600,9.600,24000,9.590,21158,9.640,16400,9.650,10800,9.660,10600,9.670,33100,9.680,2017-06-09,15:05:03
000524,岭南控股,12.920,13.090,12.900,13.120,12.810,12.900,12.910,2311783,29910280.840,20648,12.900,2100,12.890,5600,12.880,3300,12.870,5200,12.860,5300,12.910,36800,12.920,4900,12.940,5200,12.950,1000,12.960,2017-06-09,15:05:03
000525,红 太 阳,16.960,16.960,17.070,17.090,16.820,17.060,17.070,2005182,34038981.300,4000,17.060,10400,17.050,4500,17.040,19300,17.030,4900,17.020,4300,17.070,27325,17.080,38500,17.090,24200,17.100,8400,17.110,2017-06-09,15:05:03
000526,*ST紫学,0.000,36.600,0.000,0.000,0.000,0.000,0.000,0,0.000,0,0.000,0,0.000,0,0.000,0,0.000,0,0.000,0,0.000,0,0.000,0,0.000,0,0.000,0,0.000,2017-06-09,15:05:03
000528,柳 工,8.000,8.020,8.110,8.170,7.980,8.110,8.120,12765939,103287283.020,8300,8.110,139003,8.100,57586,8.090,154852,8.080,133900,8.070,2000,8.120,1000,8.130,46000,8.140,133300,8.150,198000,8.160,2017-06-09,15:05:03
000529,广弘控股,9.380,9.460,9.580,9.900,9.330,9.580,9.590,4683296,44680744.790,500,9.580,300,9.570,14100,9.560,71400,9.550,500,9.540,17300,9.590,20300,9.600,73700,9.610,900,9.620,3000,9.630,2017-06-09,15:05:03
000530,大冷股份,9.660,9.680,9.660,9.700,9.560,9.640,9.660,3571241,34381475.830,19600,9.640,22159,9.630,16300,9.620,5600,9.610,28100,9.600,46500,9.660,20900,9.670,71200,9.680,58800,9.690,80700,9.700,2017-06-09,15:05:03
000531,穗恒运Ａ,9.690,9.710,9.700,9.760,9.640,9.690,9.700,2557209,24784147.400,10600,9.690,59000,9.680,11900,9.670,20800,9.660,46323,9.650,7771,9.700,94200,9.710,21800,9.720,25600,9.730,31000,9.740,2017-06-09,15:05:03
000532,华金资本,14.640,14.700,14.420,14.810,14.230,14.410,14.420,5773540,83830545.110,11900,14.410,15600,14.400,3000,14.390,19100,14.380,8300,14.370,2600,14.420,11800,14.430,203470,14.440,3900,14.450,3300,14.460,2017-06-09,15:05:03
000533,万 家 乐,10.180,10.320,10.210,10.230,9.700,10.200,10.210,15972849,159725685.110,13500,10.200,1000,10.190,79500,10.180,36603,10.170,43000,10.160,136600,10.210,511300,10.220,32200,10.230,472700,10.240,47300,10.250,2017-06-09,15:05:03
000534,万泽股份,12.850,13.000,12.860,13.050,12.720,12.860,12.870,2287976,29501504.020,4845,12.860,25200,12.850,1700,12.840,48900,12.830,16000,12.820,28400,12.870,4100,12.880,25000,12.890,64200,12.900,500,12.910,2017-06-09,15:05:03
000536,华映科技,5.710,5.730,5.810,5.820,5.700,5.800,5.810,5619260,32395511.580,36000,5.800,140158,5.790,71800,5.780,48400,5.770,48180,5.760,110866,5.810,137300,5.820,118980,5.830,45660,5.840,57240,5.850,2017-06-09,15:05:03
000537,广宇发展,8.350,8.310,8.290,8.350,8.190,8.280,8.290,6724270,55469880.860,31900,8.280,5758,8.270,17566,8.260,5600,8.250,11700,8.240,28080,8.290,121900,8.300,75300,8.310,73800,8.320,28100,8.330,2017-06-09,15:05:03
000538,云南白药,95.190,94.970,93.810,95.300,93.380,93.810,93.820,5282800,498860465.730,724,93.810,3500,93.800,4400,93.790,12193,93.780,2200,93.770,300,93.820,700,93.830,200,93.880,500,93.890,3600,93.900,2017-06-09,15:05:03
000539,粤电力Ａ,5.400,5.440,5.380,5.400,5.340,5.370,5.380,6828453,36660903.500,163474,5.370,142200,5.360,146800,5.350,86500,5.340,112900,5.330,153703,5.380,125780,5.390,34071,5.400,16000,5.410,26900,5.420,2017-06-09,15:05:03
000540,中天金融,6.480,6.500,6.510,6.580,6.480,6.500,6.510,14699509,95937475.740,303731,6.500,171700,6.490,158114,6.480,92100,6.470,96500,6.460,12495,6.510,349390,6.520,253231,6.530,259600,6.540,448067,6.550,2017-06-09,15:05:03
000541,佛山照明,9.250,9.250,9.170,9.300,9.070,9.170,9.180,11261739,103098790.470,31849,9.170,58048,9.160,26700,9.150,34500,9.140,6800,9.130,161200,9.180,27900,9.190,34400,9.200,25500,9.210,18500,9.220,2017-06-09,15:05:03
000543,皖能电力,5.660,5.660,5.690,5.700,5.640,5.690,5.700,9095730,51623587.570,147231,5.690,129540,5.680,102924,5.670,179935,5.660,192571,5.650,340839,5.700,206200,5.710,266100,5.720,862188,5.730,178000,5.740,2017-06-09,15:05:03
000544,中原环保,20.080,20.080,19.980,20.320,19.950,19.970,19.980,3469288,69651803.970,3100,19.970,8600,19.960,9400,19.950,4800,19.930,3300,19.920,13400,19.980,12200,19.990,7600,20.000,3300,20.020,8400,20.030,2017-06-09,15:05:03
000545,金浦钛业,5.380,5.390,5.370,5.420,5.330,5.370,5.380,9075542,48721674.100,57600,5.370,210960,5.360,154500,5.350,96000,5.340,125200,5.330,309200,5.380,213420,5.390,259600,5.400,151700,5.410,124200,5.420,2017-06-09,15:05:03
000546,金圆股份,10.430,10.410,10.350,10.440,10.320,10.350,10.360,3012763,31245500.870,7200,10.350,15700,10.340,53000,10.330,60100,10.320,93600,10.310,900,10.360,18000,10.370,7900,10.390,103800,10.400,3000,10.410,2017-06-09,15:05:03
000547,航天发展,10.020,9.990,10.030,10.050,9.870,10.030,10.040,11243025,112094697.540,59249,10.030,18400,10.020,122800,10.010,255500,10.000,39700,9.990,39200,10.040,143447,10.050,47303,10.060,40300,10.070,40300,10.080,2017-06-09,15:05:03
000548,湖南投资,7.210,7.210,7.430,7.600,7.160,7.430,7.440,11987294,88817263.390,33309,7.430,71111,7.420,36700,7.410,35000,7.400,14000,7.390,15300,7.440,48600,7.450,27300,7.460,82800,7.470,188000,7.480,2017-06-09,15:05:03
000550,江铃汽车,20.530,20.470,21.400,22.220,20.530,21.400,21.410,7480231,158647866.610,44400,21.400,1800,21.390,6800,21.380,3700,21.370,1200,21.360,15600,21.410,13400,21.420,6779,21.430,2600,21.440,30700,21.450,2017-06-09,15:05:03
000551,创元科技,11.000,11.350,11.000,11.140,10.750,10.990,11.000,49605375,541945524.050,160300,10.990,81100,10.980,18600,10.970,40800,10.960,50200,10.950,103882,11.000,210600,11.010,109700,11.020,20600,11.030,12200,11.040,2017-06-09,15:05:03
000552,靖远煤电,3.420,3.430,3.410,3.440,3.390,3.410,3.420,8053222,27455291.150,116700,3.410,379800,3.400,260700,3.390,663300,3.380,127400,3.370,563700,3.420,354100,3.430,467500,3.440,498400,3.450,157800,3.460,2017-06-09,15:05:03
000553,沙隆达Ａ,13.320,13.140,13.410,13.530,13.140,13.410,13.420,6200711,82733083.530,10300,13.410,4100,13.400,9700,13.390,9800,13.380,400,13.370,25800,13.420,149500,13.430,17500,13.440,56002,13.450,7400,13.460,2017-06-09,15:05:03
000554,泰山石油,8.250,8.290,8.220,8.400,8.150,8.210,8.220,7784124,64208528.480,33700,8.210,125600,8.200,32600,8.190,27500,8.180,63200,8.170,37400,8.220,29900,8.230,78600,8.240,30500,8.250,83200,8.260,2017-06-09,15:05:03
000555,神州信息,16.210,16.350,16.350,16.450,16.160,16.350,16.360,3893964,63410980.330,45800,16.350,2000,16.340,36400,16.330,10100,16.320,1100,16.300,9000,16.360,17780,16.370,12200,16.380,9000,16.390,19233,16.400,2017-06-09,15:05:03
000557,西部创业,0.000,5.830,0.000,0.000,0.000,0.000,0.000,0,0.000,0,0.000,0,0.000,0,0.000,0,0.000,0,0.000,0,0.000,0,0.000,0,0.000,0,0.000,0,0.000,2017-06-09,15:05:03
000558,莱茵体育,8.110,8.430,8.250,8.340,8.110,8.250,8.260,54826947,449546333.480,328228,8.250,109626,8.240,68400,8.230,45600,8.220,97300,8.210,163300,8.260,115384,8.270,63583,8.280,91450,8.290,201850,8.300,2017-06-09,15:05:03
000559,万向钱潮,9.530,9.510,9.460,9.610,9.430,9.460,9.470,6289889,59678281.430,15927,9.460,157400,9.450,258223,9.440,232627,9.430,46800,9.420,18200,9.470,43743,9.480,35364,9.490,86980,9.500,17160,9.510,2017-06-09,15:05:03
000560,昆百大Ａ,8.800,8.860,8.950,9.100,8.800,8.940,8.950,5120574,45959593.870,20700,8.940,5100,8.930,14400,8.920,35700,8.910,28600,8.900,17559,8.950,10600,8.960,46593,8.970,19700,8.980,19600,8.990,2017-06-09,15:05:03
000561,烽火电子,9.490,9.490,9.870,9.940,9.420,9.860,9.870,8882684,86267209.200,40100,9.860,15900,9.850,4300,9.830,4100,9.820,11200,9.810,115800,9.870,20500,9.880,51447,9.890,137636,9.900,37400,9.910,2017-06-09,15:05:03
000563,陕国投Ａ,4.910,4.900,4.860,4.910,4.810,4.860,4.870,19103952,92785704.220,251639,4.860,429400,4.850,124200,4.840,91200,4.830,148498,4.820,148957,4.870,311500,4.880,415160,4.890,499754,4.900,208700,4.910,2017-06-09,15:05:03
000564,供销大集,6.590,6.580,6.640,6.650,6.570,6.630,6.640,4319665,28587103.390,122800,6.630,88200,6.620,49100,6.610,85900,6.600,69300,6.590,119100,6.640,99774,6.650,44000,6.660,36800,6.670,44800,6.680,2017-06-09,15:05:03
000565,渝三峡Ａ,9.450,9.450,9.350,9.480,9.240,9.350,9.360,3993872,37261013.750,63367,9.350,18630,9.340,61800,9.330,500,9.320,4600,9.310,22300,9.360,30596,9.370,33200,9.380,10600,9.390,36800,9.400,2017-06-09,15:05:03
000566,海南海药,0.000,13.170,0.000,0.000,0.000,0.000,0.000,0,0.000,0,0.000,0,0.000,0,0.000,0,0.000,0,0.000,0,0.000,0,0.000,0,0.000,0,0.000,0,0.000,2017-06-09,15:05:03
000567,海德股份,24.150,24.200,24.300,24.400,23.790,24.280,24.300,3034150,72882399.800,400,24.280,100,24.270,3100,24.260,4600,24.250,400,24.240,49888,24.300,9000,24.320,4400,24.330,4700,24.340,27300,24.350,2017-06-09,15:05:03
000568,泸州老窖,49.760,50.000,49.850,51.100,49.490,49.850,49.860,7201030,361169586.390,6941,49.850,800,49.840,3000,49.820,1400,49.810,26800,49.800,2900,49.860,200,49.870,5500,49.880,3600,49.900,300,49.910,2017-06-09,15:05:03
000570,苏常柴Ａ,6.820,6.850,6.810,6.850,6.710,6.800,6.810,4608439,31213505.460,19600,6.800,55500,6.790,83573,6.780,120100,6.770,34600,6.760,40400,6.810,35300,6.820,30100,6.830,21800,6.840,20800,6.850,2017-06-09,15:05:03
000571,新大洲Ａ,0.000,8.110,0.000,0.000,0.000,0.000,0.000,0,0.000,0,0.000,0,0.000,0,0.000,0,0.000,0,0.000,0,0.000,0,0.000,0,0.000,0,0.000,0,0.000,2017-06-09,15:05:03
000572,海马汽车,5.190,5.180,5.160,5.190,5.120,5.150,5.160,8229881,42371451.310,135334,5.150,116534,5.140,108651,5.130,308900,5.120,170000,5.110,200972,5.160,216200,5.170,300400,5.180,406309,5.190,240000,5.200,2017-06-09,15:05:03
000573,粤宏远Ａ,7.000,6.990,6.800,7.030,6.760,6.800,6.810,15622890,106782617.920,70800,6.800,156400,6.790,190099,6.780,249898,6.770,109000,6.760,79700,6.810,24000,6.820,20000,6.830,15300,6.840,17269,6.850,2017-06-09,15:05:03
000576,广东甘化,17.470,17.560,17.480,17.660,17.250,17.480,17.490,2690258,46832257.830,2700,17.480,3200,17.470,1099,17.460,7700,17.450,25300,17.440,29300,17.490,45388,17.500,300,17.510,8000,17.520,15300,17.530,2017-06-09,15:05:03
000581,威孚高科,22.830,22.880,22.910,23.020,22.740,22.910,22.920,7118935,162847271.300,132400,22.910,31435,22.900,14500,22.890,9700,22.880,1500,22.870,23614,22.920,29300,22.930,22500,22.940,65700,22.950,29857,22.960,2017-06-09,15:05:03
000582,北部湾港,11.410,11.610,11.440,11.700,11.300,11.430,11.440,9923826,113323602.690,79200,11.430,36390,11.420,24450,11.410,56500,11.400,8400,11.390,47976,11.440,33870,11.450,10180,11.460,17200,11.470,32860,11.480,2017-06-09,15:05:03
000584,友利控股,12.040,12.040,12.330,12.370,11.980,12.320,12.330,10155609,124475993.000,10900,12.320,22250,12.310,12200,12.300,18200,12.290,33800,12.280,58600,12.330,35250,12.340,50423,12.350,67905,12.360,49200,12.370,2017-06-09,15:05:03
000585,东北电气,6.350,6.350,6.260,6.370,6.190,6.260,6.270,6750777,42188607.160,19703,6.260,27600,6.250,52799,6.240,21055,6.230,101200,6.220,66100,6.270,19300,6.280,21400,6.290,84843,6.300,16000,6.310,2017-06-09,15:05:03
000586,汇源通信,18.560,18.440,18.180,18.590,18.110,18.180,18.200,465581,8466015.490,2200,18.180,4100,18.170,4100,18.150,7700,18.140,5000,18.130,1600,18.200,1400,18.210,3201,18.220,3000,18.250,3300,18.260,2017-06-09,15:05:03
000587,金洲慈航,14.900,15.000,15.080,15.100,14.830,15.080,15.090,4393305,65957888.530,6930,15.080,13500,15.070,4100,15.060,32400,15.050,13655,15.040,88875,15.090,115900,15.100,44300,15.110,35100,15.120,50000,15.130,2017-06-09,15:05:03
000589,黔轮胎Ａ,5.460,5.470,5.480,5.500,5.410,5.470,5.480,4704030,25679368.870,44600,5.470,31500,5.460,50100,5.450,18500,5.440,35600,5.430,3200,5.480,288621,5.490,292000,5.500,95834,5.510,144500,5.520,2017-06-09,15:05:03
000590,启迪古汉,16.530,16.560,17.140,17.170,16.530,17.130,17.140,1700530,28690728.190,9300,17.130,300,17.120,100,17.090,4700,17.070,300,17.050,5300,17.140,27200,17.160,18500,17.170,2700,17.180,600,17.190,2017-06-09,15:05:03
000591,太阳能,5.620,5.600,5.600,5.620,5.480,5.590,5.600,7114941,39494493.760,150140,5.590,19540,5.580,139772,5.570,54778,5.560,126800,5.550,62040,5.600,62220,5.610,94780,5.620,47120,5.630,15300,5.640,2017-06-09,15:05:03
000592,平潭发展,5.220,5.190,5.280,5.330,5.180,5.270,5.280,16818074,88180535.610,224000,5.270,192437,5.260,62369,5.250,23900,5.240,56000,5.230,124400,5.280,251000,5.290,332200,5.300,129400,5.310,252900,5.320,2017-06-09,15:05:03
000593,大通燃气,8.580,8.600,8.540,8.630,8.490,8.530,8.540,3213001,27460480.530,45600,8.530,93900,8.520,144900,8.510,46400,8.500,22300,8.490,7400,8.540,39200,8.550,9500,8.560,7000,8.570,11900,8.580,2017-06-09,15:05:03
000595,*ST宝实,4.070,4.070,4.040,4.070,3.960,4.030,4.040,12847909,51563507.830,331800,4.030,134100,4.020,133500,4.010,129900,4.000,86198,3.990,41800,4.040,163400,4.050,331800,4.060,112300,4.070,159000,4.080,2017-06-09,15:05:03
000596,古井贡酒,51.050,50.650,50.690,52.460,50.540,50.680,50.690,3699412,190343551.770,2748,50.680,200,50.660,1000,50.650,5200,50.640,4200,50.630,30234,50.690,28400,50.700,34825,50.710,6800,50.740,4800,50.750,2017-06-09,15:05:03
000597,东北制药,10.700,10.700,10.730,10.770,10.600,10.710,10.730,3777492,40335375.700,10000,10.710,64460,10.700,23100,10.690,11800,10.680,15200,10.670,7800,10.730,57400,10.740,58085,10.750,78100,10.760,19400,10.770,2017-06-09,15:05:03
000598,兴蓉环境,5.570,5.570,5.610,5.610,5.530,5.600,5.610,13212512,73622391.750,687379,5.600,298800,5.590,128000,5.580,194285,5.570,47500,5.560,750027,5.610,447100,5.620,344400,5.630,281000,5.640,573000,5.650,2017-06-09,15:05:03
000599,青岛双星,6.890,6.950,7.100,7.130,6.800,7.100,7.110,20582892,144000883.610,102725,7.100,134388,7.090,96900,7.080,100000,7.070,29400,7.060,242801,7.110,214400,7.120,219100,7.130,96600,7.140,246710,7.150,2017-06-09,15:05:03
000600,建投能源,12.640,12.690,13.240,13.360,12.360,13.240,13.250,91033711,1175967233.160,110417,13.240,320600,13.230,319300,13.220,404200,13.210,588500,13.200,39200,13.250,14100,13.260,7600,13.270,74700,13.280,112300,13.290,2017-06-09,15:05:03
000601,韶能股份,7.090,7.080,7.010,7.140,6.950,7.000,7.010,8764168,61491999.260,89754,7.000,56500,6.990,38100,6.980,228876,6.970,63554,6.960,40737,7.010,54500,7.020,16100,7.030,22400,7.040,23500,7.050,2017-06-09,15:05:03
000603,盛达矿业,12.500,12.610,12.540,12.650,12.470,12.540,12.550,1792352,22507167.100,2600,12.540,21400,12.530,1400,12.520,1900,12.510,8700,12.500,29500,12.550,19400,12.570,4000,12.580,21100,12.590,21000,12.600,2017-06-09,15:05:03
000605,渤海股份,28.890,29.290,31.610,32.220,28.880,31.600,31.620,44604748,1384370339.170,25100,31.600,1700,31.590,1900,31.580,5900,31.560,2800,31.550,126598,31.620,13600,31.630,1900,31.640,16700,31.650,2100,31.660,2017-06-09,15:05:03
000606,神州易桥,10.770,10.760,10.680,10.770,10.540,10.670,10.680,3340164,35526783.040,16900,10.670,12500,10.660,96600,10.650,48400,10.640,51000,10.630,3700,10.680,100600,10.690,54300,10.700,5700,10.710,38000,10.720,2017-06-09,15:05:03
000607,华媒控股,7.740,7.750,7.760,7.870,7.730,7.760,7.770,10299733,80200483.710,52700,7.760,47600,7.750,66200,7.740,59300,7.730,50600,7.720,124500,7.770,107600,7.780,48800,7.790,62000,7.800,24500,7.810,2017-06-09,15:05:03
000608,阳光股份,8.330,8.320,8.240,8.360,8.130,8.230,8.240,2987356,24546043.520,3000,8.230,1100,8.220,6300,8.210,3300,8.200,22400,8.190,70000,8.240,17840,8.250,28900,8.260,4400,8.270,29600,8.280,2017-06-09,15:05:03
000609,绵石投资,14.790,14.790,14.660,15.000,14.610,14.660,14.670,1401717,20672988.620,5400,14.660,15000,14.650,10607,14.640,11500,14.630,20400,14.620,12700,14.670,1300,14.680,3100,14.690,24900,14.700,2900,14.710,2017-06-09,15:05:03
000610,西安旅游,0.000,11.430,0.000,0.000,0.000,0.000,0.000,0,0.000,0,0.000,0,0.000,0,0.000,0,0.000,0,0.000,0,0.000,0,0.000,0,0.000,0,0.000,0,0.000,2017-06-09,15:05:03
000611,天首发展,0.000,10.050,0.000,0.000,0.000,0.000,0.000,0,0.000,0,0.000,0,0.000,0,0.000,0,0.000,0,0.000,0,0.000,0,0.000,0,0.000,0,0.000,0,0.000,2017-06-09,15:05:03
000612,焦作万方,7.850,7.850,7.740,7.850,7.680,7.740,7.750,4014537,31084089.300,900,7.740,4500,7.730,153000,7.720,6200,7.710,72948,7.700,128000,7.750,108214,7.760,123449,7.770,9800,7.780,11500,7.790,2017-06-09,15:05:03
000613,*ST东海A,0.000,15.040,0.000,0.000,0.000,0.000,0.000,0,0.000,0,0.000,0,0.000,0,0.000,0,0.000,0,0.000,0,0.000,0,0.000,0,0.000,0,0.000,0,0.000,2017-06-09,15:05:03
000615,京汉股份,15.800,15.930,16.220,16.300,15.220,16.210,16.220,52781455,834668599.890,29800,16.210,47800,16.200,52800,16.190,365500,16.180,6600,16.170,145894,16.220,300600,16.230,69500,16.240,69500,16.250,12300,16.260,2017-06-09,15:05:03
000616,海航投资,4.420,4.460,4.470,4.490,4.380,4.470,4.480,16661345,73675180.740,291768,4.470,122400,4.460,58100,4.450,26900,4.440,39200,4.430,173768,4.480,438000,4.490,303600,4.500,188800,4.510,220900,4.520,2017-06-09,15:05:03
000617,中油资本,15.000,14.760,14.750,15.000,14.450,14.750,14.760,3486782,51173113.040,1300,14.750,10700,14.740,6600,14.730,2000,14.720,1000,14.710,8000,14.760,9300,14.770,200,14.780,9200,14.790,12200,14.800,2017-06-09,15:05:03
000619,海螺型材,9.360,9.360,9.490,9.540,9.300,9.490,9.500,3961723,37350217.280,5000,9.490,52500,9.480,14530,9.470,9200,9.460,14300,9.450,54300,9.500,42900,9.510,51000,9.520,50700,9.530,14800,9.540,2017-06-09,15:05:03
000620,新华联,7.380,7.490,7.360,7.440,7.270,7.360,7.370,8255074,60517611.040,20441,7.360,27833,7.350,36307,7.340,20100,7.330,23000,7.320,19500,7.370,18000,7.380,52700,7.390,98500,7.400,17800,7.410,2017-06-09,15:05:03
000622,恒立实业,6.590,6.570,6.700,6.790,6.450,6.690,6.700,4148591,27425778.610,67100,6.690,26200,6.680,4000,6.670,22200,6.660,24900,6.650,81600,6.700,13500,6.710,47394,6.720,23100,6.730,20600,6.740,2017-06-09,15:05:03
000623,吉林敖东,29.010,28.980,29.490,29.560,28.910,29.490,29.500,15911813,465970436.390,150076,29.490,13797,29.480,500,29.470,6500,29.460,21881,29.450,78200,29.500,44200,29.510,62200,29.520,9926,29.530,55536,29.540,2017-06-09,15:05:03
000625,长安汽车,14.000,13.960,14.070,14.270,14.000,14.060,14.070,30722538,434490609.580,49200,14.060,69800,14.050,15400,14.040,126900,14.030,132600,14.020,123800,14.070,47367,14.080,53300,14.090,63700,14.100,31600,14.110,2017-06-09,15:05:03
000626,远大控股,16.360,16.300,16.330,16.440,16.190,16.330,16.340,1952818,31888106.830,32200,16.330,5200,16.320,6600,16.310,89937,16.300,40900,16.290,14000,16.340,8600,16.350,6100,16.360,22200,16.370,7600,16.380,2017-06-09,15:05:03
000627,天茂集团,7.170,7.210,7.240,7.410,7.160,7.240,7.250,27162939,197794545.860,729778,7.240,320400,7.230,49100,7.220,133400,7.210,105200,7.200,70790,7.250,87226,7.260,23000,7.270,36800,7.280,74500,7.290,2017-06-09,15:05:03
000628,高新发展,9.420,9.430,9.450,9.500,9.330,9.450,9.460,2047615,19277898.110,20911,9.450,700,9.440,6300,9.430,2000,9.420,7061,9.410,16000,9.460,691,9.470,19268,9.480,35300,9.490,33700,9.500,2017-06-09,15:05:03
000629,*ST钒钛,0.000,3.070,0.000,0.000,0.000,0.000,0.000,0,0.000,0,0.000,0,0.000,0,0.000,0,0.000,0,0.000,0,0.000,0,0.000,0,0.000,0,0.000,0,0.000,2017-05-04,16:35:03
000630,铜陵有色,2.740,2.730,2.730,2.750,2.710,2.720,2.730,44774976,122151552.290,4057818,2.720,9893857,2.710,2212800,2.700,1665000,2.690,999400,2.680,2863200,2.730,9329556,2.740,7966860,2.750,3863700,2.760,2822400,2.770,2017-06-09,15:05:03
000631,顺发恒业,4.390,4.380,4.380,4.390,4.320,4.370,4.380,5576358,24259877.950,123300,4.370,167500,4.360,15900,4.350,63600,4.340,146800,4.330,114214,4.380,186220,4.390,100168,4.400,24200,4.410,136100,4.420,2017-06-09,15:05:03
000632,三木集团,6.210,6.220,6.210,6.330,6.140,6.200,6.210,2474036,15319931.540,88100,6.200,54600,6.190,14500,6.180,15600,6.170,10900,6.160,29200,6.210,54100,6.220,143300,6.230,48000,6.240,32066,6.250,2017-06-09,15:05:03
000633,合金投资,8.700,8.510,8.700,9.170,8.670,8.700,8.710,4205298,37405681.080,1000,8.700,3200,8.690,2800,8.680,1300,8.670,3900,8.660,19400,8.710,39700,8.720,18800,8.730,5600,8.740,92800,8.750,2017-06-09,15:05:03
000635,英 力 特,16.320,16.500,16.260,16.500,16.000,16.250,16.260,9088208,147158141.110,48900,16.250,25800,16.240,62200,16.230,68500,16.220,6700,16.210,20600,16.260,9900,16.270,15200,16.280,7000,16.290,19200,16.300,2017-06-09,15:05:03
000636,风华高科,7.980,7.980,8.000,8.010,7.870,8.000,8.010,7260434,57682015.270,67600,8.000,75400,7.990,72900,7.980,33100,7.970,23800,7.960,167941,8.010,62000,8.020,36400,8.030,12700,8.040,49681,8.050,2017-06-09,15:05:03
000637,茂化实华,6.580,6.590,6.580,6.610,6.490,6.570,6.580,4695020,30703501.700,36562,6.570,49700,6.560,37700,6.550,7200,6.540,11800,6.530,68200,6.580,58300,6.590,56300,6.600,25056,6.610,40500,6.620,2017-06-09,15:05:03
000638,万方发展,16.000,16.240,15.980,16.500,15.540,15.970,15.980,50120802,806279661.360,1300,15.970,700,15.960,52100,15.950,1200,15.940,1900,15.930,122800,15.980,53600,15.990,161800,16.000,19200,16.010,33200,16.020,2017-06-09,15:05:03
000639,西王食品,18.460,18.420,18.320,18.480,18.200,18.310,18.320,1863082,34108369.460,5400,18.310,1200,18.300,3100,18.290,11600,18.280,2600,18.270,3323,18.320,5000,18.330,1600,18.350,10500,18.360,1900,18.370,2017-06-09,15:05:03
000650,仁和药业,5.900,5.900,5.900,5.900,5.860,5.890,5.900,4165118,24488780.300,39300,5.890,110200,5.880,140700,5.870,177100,5.860,140000,5.850,166433,5.900,117681,5.910,105100,5.920,114900,5.930,57300,5.940,2017-06-09,15:05:03
000651,格力电器,36.250,36.250,36.040,37.100,35.860,36.040,36.050,114405733,4163982767.540,117422,36.040,130500,36.030,8700,36.020,16000,36.010,919312,36.000,225681,36.050,61300,36.060,42500,36.070,33102,36.080,25700,36.090,2017-06-09,15:05:03
000652,泰达股份,5.520,5.510,5.530,5.570,5.460,5.530,5.540,16989792,93762118.920,307900,5.530,116500,5.520,61100,5.510,153700,5.500,26800,5.490,165800,5.540,343360,5.550,234100,5.560,289695,5.570,304300,5.580,2017-06-09,15:05:03
000655,金岭矿业,6.990,7.010,7.000,7.010,6.920,7.000,7.010,3718894,25927118.620,18388,7.000,38400,6.990,12600,6.980,51400,6.970,70800,6.960,84646,7.010,41700,7.020,19200,7.030,21700,7.040,31100,7.050,2017-06-09,15:05:03
000656,金科股份,0.000,6.540,0.000,0.000,0.000,0.000,0.000,0,0.000,0,0.000,0,0.000,0,0.000,0,0.000,0,0.000,0,0.000,0,0.000,0,0.000,0,0.000,0,0.000,2017-06-09,15:05:03
000657,中钨高新,12.120,12.170,12.300,12.390,12.010,12.290,12.300,5414501,66387420.470,23800,12.290,14500,12.280,6000,12.270,18000,12.260,42400,12.250,79400,12.300,15000,12.310,3900,12.320,121697,12.330,46500,12.340,2017-06-09,15:05:03
000659,*ST中富,4.290,4.320,4.500,4.540,4.250,4.490,4.500,39373436,175046223.550,86044,4.490,194419,4.480,169800,4.470,33100,4.460,60300,4.450,160500,4.500,171900,4.510,123400,4.520,160200,4.530,888400,4.540,2017-06-09,15:05:03
000661,长春高新,117.600,117.000,120.890,120.990,116.510,120.890,120.900,3077196,366274127.990,1270,120.890,100,120.870,100,120.860,200,120.850,3000,120.830,6000,120.900,100,120.910,700,120.920,300,120.930,100,120.940,2017-06-09,15:05:03
000662,天夏智慧,0.000,16.050,0.000,0.000,0.000,0.000,0.000,0,0.000,0,0.000,0,0.000,0,0.000,0,0.000,0,0.000,0,0.000,0,0.000,0,0.000,0,0.000,0,0.000,2017-06-09,15:05:03
000663,永安林业,12.240,12.240,12.280,12.320,12.160,12.280,12.290,1634392,19997334.690,17100,12.280,28100,12.270,3700,12.260,14600,12.250,17400,12.240,21800,12.290,18800,12.300,34400,12.310,20158,12.320,1200,12.330,2017-06-09,15:05:03
000665,湖北广电,12.000,11.970,12.020,12.100,11.900,12.010,12.020,3284030,39454280.930,7434,12.010,18280,12.000,2100,11.990,12400,11.980,3200,11.970,22400,12.020,10600,12.030,6400,12.040,8200,12.050,8700,12.060,2017-06-09,15:05:03
000666,经纬纺机,20.610,21.030,20.800,21.160,20.610,20.800,20.810,7359026,152892092.750,240,20.800,11900,20.790,15800,20.780,18800,20.770,17600,20.760,47104,20.810,9100,20.820,4600,20.830,1000,20.840,5300,20.850,2017-06-09,15:05:03
000667,美好置业,3.450,3.460,3.410,3.450,3.380,3.410,3.420,37651145,128469505.580,85798,3.410,1190400,3.400,2122736,3.390,972960,3.380,674100,3.370,776003,3.420,557600,3.430,339500,3.440,699800,3.450,1010300,3.460,2017-06-09,15:05:03
000668,荣丰控股,16.440,16.440,17.050,17.680,16.170,17.030,17.050,2457846,41968386.210,3900,17.030,1000,17.020,4700,17.010,10200,17.000,1500,16.990,10388,17.050,500,17.060,28700,17.070,400,17.080,5100,17.090,2017-06-09,15:05:03
000669,金鸿能源,15.900,15.870,15.760,15.900,15.560,15.760,15.770,3532751,55496874.550,5900,15.760,18300,15.750,4000,15.740,3300,15.730,6600,15.720,1200,15.770,25500,15.780,41367,15.790,38000,15.800,1900,15.810,2017-06-09,15:05:03
000670,盈方微,5.150,5.200,5.070,5.190,5.030,5.060,5.070,16501916,84012027.850,101500,5.060,145699,5.050,102795,5.040,120100,5.030,69200,5.020,36200,5.070,99100,5.080,100901,5.090,136800,5.100,70700,5.110,2017-06-09,15:05:03
000671,阳 光 城,5.840,5.830,5.840,5.890,5.770,5.840,5.850,16382254,95293933.040,227007,5.840,63700,5.830,66700,5.820,172800,5.810,51500,5.800,180831,5.850,82700,5.860,168101,5.870,273200,5.880,267489,5.890,2017-06-09,15:05:03
000672,上峰水泥,9.080,9.150,8.870,9.120,8.720,8.870,8.880,33156221,294510347.940,128200,8.870,248900,8.860,164400,8.850,15400,8.840,12800,8.830,137000,8.880,86300,8.890,145100,8.900,100600,8.910,19300,8.920,2017-06-09,15:05:03
000673,当代东方,0.000,13.530,0.000,0.000,0.000,0.000,0.000,0,0.000,0,0.000,0,0.000,0,0.000,0,0.000,0,0.000,0,0.000,0,0.000,0,0.000,0,0.000,0,0.000,2017-06-09,15:05:03
000676,智度股份,15.280,15.280,15.350,15.490,15.070,15.350,15.360,2620787,40011767.540,900,15.350,600,15.340,7400,15.330,5900,15.320,2000,15.310,400,15.360,6400,15.370,14200,15.380,500,15.390,12577,15.400,2017-06-09,15:05:03
000677,恒天海龙,4.820,4.830,4.850,4.870,4.790,4.840,4.850,4130536,19955809.460,123100,4.840,71900,4.830,45717,4.820,43500,4.810,69200,4.800,62300,4.850,94200,4.860,183575,4.870,88500,4.880,60500,4.890,2017-06-09,15:05:03
000678,襄阳轴承,7.980,7.980,8.380,8.590,7.910,8.370,8.380,7661738,62992468.560,7300,8.370,24800,8.360,21000,8.350,17700,8.340,42000,8.330,71500,8.380,25600,8.390,106700,8.400,28100,8.410,41700,8.420,2017-06-09,15:05:03
000679,大连友谊,9.820,9.800,9.880,9.970,9.770,9.870,9.880,2170052,21364233.360,4700,9.870,15500,9.860,27000,9.850,24900,9.840,15800,9.830,12000,9.880,13300,9.890,45500,9.900,20200,9.910,12700,9.920,2017-06-09,15:05:03
000680,山推股份,5.310,5.320,5.390,5.440,5.260,5.380,5.390,23039949,123290240.320,125900,5.380,97700,5.370,88500,5.360,89800,5.350,33600,5.340,325000,5.390,445700,5.400,234000,5.410,604300,5.420,251000,5.430,2017-06-09,15:05:03
000681,视觉中国,16.420,16.420,16.180,16.460,16.120,16.170,16.180,1928275,31330142.130,21600,16.170,21614,16.160,19300,16.150,113552,16.140,10000,16.130,8800,16.180,100,16.190,9700,16.200,1900,16.220,12800,16.230,2017-06-09,15:05:03
000682,东方电子,0.000,5.200,0.000,0.000,0.000,0.000,0.000,0,0.000,0,0.000,0,0.000,0,0.000,0,0.000,0,0.000,0,0.000,0,0.000,0,0.000,0,0.000,0,0.000,2017-06-09,15:05:03
000683,远兴能源,2.650,2.650,2.650,2.660,2.620,2.640,2.650,17423467,46009031.480,1097633,2.640,1746600,2.630,1314500,2.620,1195500,2.610,1319800,2.600,2605342,2.650,4067420,2.660,1262500,2.670,1159100,2.680,830100,2.690,2017-06-09,15:05:03
000685,中山公用,10.890,10.890,10.910,10.950,10.810,10.910,10.920,5136603,55837470.160,4400,10.910,8748,10.900,31900,10.890,6300,10.880,18670,10.870,34300,10.920,109600,10.930,100900,10.940,143400,10.950,63700,10.960,2017-06-09,15:05:03
000686,东北证券,9.800,9.810,9.790,9.880,9.730,9.780,9.790,16413484,160835220.160,66204,9.780,106700,9.770,31500,9.760,61068,9.750,41800,9.740,63786,9.790,88840,9.800,223653,9.810,125300,9.820,106700,9.830,2017-06-09,15:05:03
000687,华讯方舟,15.630,15.730,15.450,15.830,15.110,15.450,15.460,13447730,207234941.980,28736,15.450,31589,15.440,24100,15.430,14800,15.420,8400,15.410,31700,15.460,31600,15.470,24800,15.480,27700,15.490,46300,15.500,2017-06-09,15:05:03
000688,建新矿业,7.150,7.160,7.120,7.150,7.030,7.120,7.130,4175819,29602006.700,15100,7.120,28300,7.110,26600,7.100,15895,7.090,13800,7.080,30566,7.130,19600,7.140,41300,7.150,18100,7.160,31400,7.170,2017-06-09,15:05:03
000690,宝新能源,5.810,5.810,5.830,5.860,5.780,5.830,5.840,7796692,45398096.420,45120,5.830,241600,5.820,111700,5.810,349800,5.800,142700,5.790,142862,5.840,247500,5.850,87800,5.860,74044,5.870,110500,5.880,2017-06-09,15:05:03
000691,ST亚太,6.500,6.550,6.540,6.570,6.450,6.540,6.560,995102,6469932.000,699,6.540,83800,6.530,6300,6.520,5800,6.500,10300,6.490,4000,6.560,5500,6.570,11000,6.580,12000,6.590,3500,6.600,2017-06-09,15:05:03
000692,惠天热电,6.560,6.580,6.900,6.900,6.530,6.890,6.900,12539064,84350052.260,1400,6.890,55500,6.880,200,6.870,4380,6.860,1800,6.850,113400,6.900,13300,6.910,24600,6.920,20600,6.930,65800,6.940,2017-06-09,15:05:03
000693,*ST华泽,0.000,12.500,0.000,0.000,0.000,0.000,0.000,0,0.000,0,0.000,0,0.000,0,0.000,0,0.000,0,0.000,0,0.000,0,0.000,0,0.000,0,0.000,0,0.000,2017-06-09,15:05:03
000695,滨海能源,11.660,11.660,11.750,11.850,11.480,11.750,11.760,1517975,17677770.440,23700,11.750,100,11.740,6800,11.730,7400,11.720,11800,11.710,3000,11.760,1500,11.770,5700,11.780,2100,11.800,100,11.810,2017-06-09,15:05:03
000697,炼石有色,21.300,21.170,21.110,21.350,20.860,21.100,21.110,3222878,67896210.060,5917,21.100,1100,21.090,12700,21.080,2700,21.070,400,21.060,49789,21.110,5000,21.140,8100,21.170,57200,21.180,52200,21.200,2017-06-09,15:05:03
000698,沈阳化工,6.310,6.350,6.320,6.350,6.260,6.320,6.330,8108739,51082731.590,176600,6.320,126200,6.310,26800,6.300,74600,6.290,134600,6.280,87100,6.330,97700,6.340,117447,6.350,72600,6.360,33000,6.370,2017-06-09,15:05:03
000700,模塑科技,6.880,6.880,6.870,6.900,6.800,6.860,6.870,3943953,27023068.790,21600,6.860,28600,6.850,43691,6.840,37400,6.830,115800,6.820,24500,6.870,29800,6.880,73764,6.890,93150,6.900,15400,6.910,2017-06-09,15:05:03
000701,厦门信达,12.290,12.300,12.340,12.360,12.210,12.330,12.340,2923808,35938774.160,10400,12.330,45300,12.320,18700,12.310,74200,12.300,22400,12.290,12997,12.340,30300,12.350,26800,12.360,21200,12.370,43500,12.380,2017-06-09,15:05:03
000702,正虹科技,12.620,12.670,12.700,13.030,12.500,12.700,12.710,10689285,136070005.970,110800,12.700,88500,12.690,8200,12.680,7900,12.670,20200,12.660,10900,12.710,20000,12.730,12800,12.740,33650,12.750,11100,12.760,2017-06-09,15:05:03
000703,恒逸石化,13.280,13.280,13.170,13.340,13.090,13.170,13.190,4782893,62924704.870,26300,13.170,26100,13.160,38573,13.150,23200,13.140,6600,13.130,45904,13.190,1500,13.200,2000,13.210,6300,13.220,36500,13.230,2017-06-09,15:05:03
000705,浙江震元,10.130,10.130,10.090,10.160,9.980,10.080,10.090,2444715,24558401.600,5600,10.080,12900,10.070,12529,10.060,4610,10.050,5000,10.030,1800,10.090,14100,10.100,1200,10.110,4400,10.120,22300,10.130,2017-06-09,15:05:03
000707,双环科技,6.500,6.510,6.540,6.680,6.460,6.530,6.540,6898867,45445972.310,84200,6.530,18800,6.520,66147,6.510,56900,6.500,55506,6.490,33966,6.540,27800,6.550,5100,6.560,4000,6.570,31400,6.580,2017-06-09,15:05:03
000708,大冶特钢,11.290,11.280,11.200,11.290,11.180,11.200,11.230,2034415,22864065.770,47842,11.200,28100,11.190,63300,11.180,20200,11.160,3000,11.150,8500,11.230,7100,11.240,9600,11.250,26900,11.260,34350,11.270,2017-06-09,15:05:03
000709,河钢股份,4.370,4.380,4.360,4.390,4.290,4.350,4.360,168226977,730721237.510,2824634,4.350,1296122,4.340,764300,4.330,964145,4.320,936900,4.310,1414171,4.360,2832675,4.370,4634988,4.380,2754800,4.390,2953497,4.400,2017-06-09,15:05:03
000710,*ST天仪,64.680,64.420,63.990,64.680,63.300,63.990,64.000,927719,59292186.200,2100,63.990,100,63.900,100,63.800,400,63.750,900,63.700,3200,64.000,1500,64.020,100,64.030,1400,64.050,500,64.070,2017-06-09,15:05:03
000711,京蓝科技,16.030,16.350,16.070,16.260,15.810,16.070,16.080,6986046,111891146.870,22755,16.070,27600,16.060,14000,16.050,4300,16.040,500,16.030,11800,16.080,12200,16.090,9300,16.100,5400,16.110,9600,16.120,2017-06-09,15:05:03
000712,锦龙股份,0.000,15.590,0.000,0.000,0.000,0.000,0.000,0,0.000,0,0.000,0,0.000,0,0.000,0,0.000,0,0.000,0,0.000,0,0.000,0,0.000,0,0.000,0,0.000,2017-06-09,15:05:03
000713,丰乐种业,8.110,8.130,8.130,8.150,8.000,8.120,8.130,1689548,13653679.520,168700,8.120,5200,8.110,13900,8.100,8300,8.090,1000,8.080,20700,8.130,42600,8.140,138700,8.150,7800,8.160,1400,8.170,2017-06-09,15:05:03
000715,中兴商业,11.470,11.470,11.560,11.610,11.310,11.560,11.570,3259496,37370338.570,2700,11.560,4500,11.550,3000,11.540,6200,11.530,2120,11.520,4900,11.570,53401,11.580,17400,11.590,46465,11.600,46700,11.610,2017-06-09,15:05:03
000716,黑芝麻,0.000,8.060,0.000,0.000,0.000,0.000,0.000,0,0.000,0,0.000,0,0.000,0,0.000,0,0.000,0,0.000,0,0.000,0,0.000,0,0.000,0,0.000,0,0.000,2017-06-09,15:05:03
000717,韶钢松山,4.660,4.670,4.640,4.660,4.570,4.630,4.640,8374101,38611859.800,400,4.630,152600,4.620,73100,4.610,59000,4.600,60410,4.590,255003,4.640,114300,4.650,75700,4.660,73200,4.670,53400,4.680,2017-06-09,15:05:03
000718,苏宁环球,6.040,6.030,6.010,6.040,5.940,6.000,6.010,11153455,66814499.160,157804,6.000,62500,5.990,65186,5.980,93085,5.970,230200,5.960,20700,6.010,100460,6.020,268579,6.030,207100,6.040,181400,6.050,2017-06-09,15:05:03
000719,大地传媒,10.080,10.110,10.250,10.270,10.040,10.250,10.260,2902878,29475674.140,6056,10.250,7670,10.240,7800,10.230,5500,10.220,3600,10.210,30000,10.260,43200,10.270,18800,10.280,54795,10.290,47000,10.300,2017-06-09,15:05:03
000720,新能泰山,5.140,4.670,5.140,5.140,5.140,5.140,0.000,1015237,5218318.180,8726663,5.140,30300,5.130,25700,5.120,6100,5.110,26900,5.100,0,0.000,0,0.000,0,0.000,0,0.000,0,0.000,2017-06-09,15:05:03
000721,西安饮食,6.940,6.930,6.880,6.970,6.800,6.880,6.890,5427445,37310575.040,130100,6.880,25100,6.870,26100,6.860,36800,6.850,38300,6.840,69424,6.890,92900,6.900,105800,6.910,151700,6.920,30200,6.930,2017-06-09,15:05:03
000722,湖南发展,12.300,12.360,12.390,12.600,12.140,12.380,12.390,3675289,45492298.030,39100,12.380,14100,12.370,10300,12.360,5600,12.350,4600,12.340,53200,12.390,28718,12.400,28700,12.410,73400,12.420,33700,12.430,2017-06-09,15:05:03
000723,美锦能源,12.790,12.770,13.300,13.380,12.730,13.300,13.310,11776165,152795318.750,8500,13.300,9500,13.290,20400,13.280,2800,13.270,22459,13.260,53279,13.310,51500,13.320,20900,13.330,43300,13.340,44400,13.350,2017-06-09,15:05:03
000725,京东方Ａ,4.040,4.020,4.050,4.080,4.000,4.040,4.050,386530153,1559115459.700,2149241,4.040,8199197,4.030,5832100,4.020,6556413,4.010,9636904,4.000,10177291,4.050,10387540,4.060,8716740,4.070,12376480,4.080,8009200,4.090,2017-06-09,15:05:03
000726,鲁 泰Ａ,12.280,12.240,12.360,12.400,12.250,12.360,12.370,9794257,120547000.470,16155,12.360,134865,12.350,2600,12.340,3200,12.330,17800,12.320,148400,12.370,266200,12.380,178300,12.390,94300,12.400,67900,12.410,2017-06-09,15:05:03
000727,华东科技,2.860,2.880,2.850,2.870,2.830,2.840,2.850,34561928,98466166.910,5952733,2.840,1357339,2.830,533400,2.820,784100,2.810,755900,2.800,814000,2.850,2476055,2.860,732700,2.870,1244777,2.880,1541200,2.890,2017-06-09,15:05:03
000728,国元证券,12.550,12.550,12.390,12.770,12.360,12.390,12.400,40884009,512901587.440,906404,12.390,269350,12.380,116152,12.370,138300,12.360,114100,12.350,168700,12.400,92582,12.410,21000,12.420,26500,12.430,30450,12.440,2017-06-09,15:05:03
000729,燕京啤酒,6.600,6.610,6.720,6.760,6.580,6.720,6.730,17069121,114378936.540,104700,6.720,305119,6.710,178700,6.700,142700,6.690,87600,6.680,42700,6.730,174378,6.740,248600,6.750,336815,6.760,328700,6.770,2017-06-09,15:05:03
000731,四川美丰,7.300,7.320,7.280,7.320,7.200,7.280,7.290,7332434,53297788.380,63200,7.280,462799,7.270,12500,7.260,230299,7.250,18900,7.240,125400,7.290,97000,7.300,70100,7.310,148900,7.320,34000,7.330,2017-06-09,15:05:03
000732,泰禾集团,16.560,16.500,16.510,16.560,16.400,16.500,16.510,2138526,35233356.550,1700,16.500,600,16.480,28300,16.450,5400,16.430,9556,16.420,900,16.510,4400,16.520,12400,16.530,10400,16.540,21300,16.550,2017-06-09,15:05:03
000733,振华科技,15.830,15.850,15.870,15.940,15.760,15.860,15.870,2611641,41381590.310,24700,15.860,3500,15.850,19325,15.840,9100,15.830,9600,15.820,8893,15.870,26200,15.880,7800,15.890,24600,15.900,20200,15.910,2017-06-09,15:05:03
000735,罗 牛 山,6.230,6.250,6.270,6.340,6.180,6.260,6.270,12796962,79978018.340,160300,6.260,118100,6.250,62800,6.240,84300,6.230,58900,6.220,472800,6.270,144300,6.280,116600,6.290,104900,6.300,84900,6.310,2017-06-09,15:05:03
000736,中房地产,14.520,14.530,14.310,14.590,14.300,14.310,14.320,3595220,51795302.200,25300,14.310,29800,14.300,10100,14.290,10700,14.280,3300,14.270,32800,14.320,13500,14.330,5700,14.340,2100,14.350,2000,14.360,2017-06-09,15:05:03
000737,南风化工,6.040,5.860,5.950,6.050,5.770,5.940,5.950,15465274,91397528.800,71300,5.940,37100,5.930,28300,5.920,121500,5.910,27000,5.900,8100,5.950,68700,5.960,43800,5.970,102812,5.980,57300,5.990,2017-06-09,15:05:03
000738,航发控制,19.160,19.220,19.140,19.350,18.980,19.140,19.150,4956416,94826967.050,32737,19.140,116200,19.130,7465,19.120,50500,19.110,36071,19.100,96011,19.150,2926,19.160,2400,19.170,11600,19.180,12416,19.190,2017-06-09,15:05:03
000739,普洛药业,7.590,7.590,7.660,7.680,7.580,7.650,7.660,4709647,35958446.390,144400,7.650,39600,7.640,74800,7.630,23700,7.620,1100,7.610,143295,7.660,128502,7.670,162299,7.680,169000,7.690,163800,7.700,2017-06-09,15:05:03
000748,长城信息,0.000,20.310,0.000,0.000,0.000,0.000,0.000,0,0.000,0,0.000,0,0.000,0,0.000,0,0.000,0,0.000,0,0.000,0,0.000,0,0.000,0,0.000,0,0.000,2017-01-17,16:36:03
000750,国海证券,5.420,5.390,5.380,5.430,5.350,5.380,5.390,21925366,118244648.410,116700,5.380,380820,5.370,442801,5.360,434246,5.350,171600,5.340,401245,5.390,743045,5.400,543900,5.410,630100,5.420,528400,5.430,2017-06-09,15:05:03
000751,锌业股份,4.660,4.650,4.640,4.660,4.600,4.630,4.640,9071664,41954373.480,254500,4.630,290196,4.620,103200,4.610,147800,4.600,86500,4.590,5087,4.640,311900,4.650,229200,4.660,124700,4.670,128100,4.680,2017-06-09,15:05:03
000752,西藏发展,12.090,12.090,12.080,12.100,11.900,12.070,12.080,1941344,23349612.490,15000,12.070,700,12.060,38600,12.050,8599,12.040,4000,12.030,10700,12.080,17915,12.090,32500,12.100,10500,12.110,13351,12.120,2017-06-09,15:05:03
000753,漳州发展,4.580,4.570,4.570,4.610,4.520,4.570,4.580,6613755,30160725.280,34252,4.570,63600,4.560,50000,4.550,72300,4.540,68800,4.530,89700,4.580,156197,4.590,260200,4.600,115400,4.610,139300,4.620,2017-06-09,15:05:03
000755,*ST三维,0.000,6.750,0.000,0.000,0.000,0.000,0.000,0,0.000,0,0.000,0,0.000,0,0.000,0,0.000,0,0.000,0,0.000,0,0.000,0,0.000,0,0.000,0,0.000,2017-06-09,15:05:03
000756,新华制药,13.510,13.520,13.640,13.670,13.440,13.630,13.640,1240191,16796148.030,800,13.630,7000,13.620,4200,13.610,2000,13.600,2000,13.570,43803,13.640,29200,13.650,4400,13.660,2800,13.670,11600,13.680,2017-06-09,15:05:03
000757,浩物股份,7.050,7.010,6.970,7.050,6.870,6.960,6.970,2303689,16017251.810,21400,6.960,1000,6.950,15200,6.940,1500,6.930,7000,6.920,44400,6.970,26800,6.980,18900,6.990,24500,7.000,50600,7.010,2017-06-09,15:05:03
000758,中色股份,6.640,6.630,6.660,6.680,6.600,6.650,6.660,12002322,79669263.500,287857,6.650,120083,6.640,412200,6.630,165700,6.620,204200,6.610,118900,6.660,708655,6.670,339842,6.680,153800,6.690,209000,6.700,2017-06-09,15:05:03
000759,中百集团,8.060,8.170,8.480,8.640,8.060,8.480,8.490,8585081,72595553.960,37400,8.480,45300,8.470,35400,8.460,5600,8.450,1100,8.440,2000,8.490,16190,8.500,26900,8.510,28300,8.520,13020,8.530,2017-06-09,15:05:03
000760,斯太尔,7.820,7.840,7.850,7.920,7.710,7.850,7.860,3677258,28702351.350,19700,7.850,14200,7.840,30500,7.830,19700,7.820,13600,7.810,32200,7.860,186400,7.870,27900,7.880,67700,7.890,75300,7.900,2017-06-09,15:05:03
000761,本钢板材,4.800,4.810,4.780,4.800,4.740,4.780,4.790,6262749,29823609.920,71679,4.780,105940,4.770,55600,4.760,116253,4.750,79900,4.740,229602,4.790,172500,4.800,141900,4.810,142800,4.820,148900,4.830,2017-06-09,15:05:03
000762,西藏矿业,13.830,13.810,13.640,13.830,13.500,13.640,13.650,6855363,93244584.340,8500,13.640,27200,13.630,10940,13.620,5000,13.610,19600,13.600,17100,13.650,27000,13.660,5000,13.670,11100,13.680,3900,13.690,2017-06-09,15:05:03
000766,通化金马,17.000,17.010,17.390,17.500,16.980,17.350,17.390,3511183,60507834.580,600,17.350,2800,17.320,2600,17.270,15800,17.230,11000,17.220,36900,17.390,43300,17.400,6000,17.410,200,17.420,600,17.430,2017-06-09,15:05:03
000767,漳泽电力,3.440,3.450,3.440,3.460,3.410,3.430,3.440,5451416,18706032.680,127704,3.430,223180,3.420,242600,3.410,282100,3.400,73200,3.390,4200,3.440,691900,3.450,539300,3.460,202153,3.470,131200,3.480,2017-06-09,15:05:03
000768,中航飞机,17.890,18.000,17.940,18.110,17.780,17.940,17.950,13498622,241872173.280,20490,17.940,81400,17.930,47016,17.920,14800,17.910,33300,17.900,18100,17.950,21300,17.960,65597,17.970,41100,17.980,28300,17.990,2017-06-09,15:05:03
000776,广发证券,16.780,16.780,16.790,17.040,16.680,16.790,16.800,31217845,526922691.940,35300,16.790,119764,16.780,35162,16.770,22700,16.760,8600,16.750,226000,16.800,87370,16.810,122236,16.820,54300,16.830,180800,16.840,2017-06-09,15:05:03
000777,中核科技,20.400,20.230,20.700,20.770,20.210,20.690,20.700,8050799,165006142.470,51500,20.690,336700,20.680,27600,20.670,118500,20.660,14800,20.650,73983,20.700,11700,20.710,36644,20.720,9327,20.730,7400,20.740,2017-06-09,15:05:03
000778,新兴铸管,7.020,7.070,7.080,7.160,6.910,7.080,7.090,147164607,1035022031.950,888569,7.080,670168,7.070,416298,7.060,395400,7.050,127968,7.040,376096,7.090,804636,7.100,402600,7.110,617238,7.120,639400,7.130,2017-06-09,15:05:03
000779,三毛派神,13.410,13.530,13.880,13.950,13.410,13.870,13.880,3563828,48697203.900,42900,13.870,32000,13.860,4600,13.850,6300,13.840,11700,13.830,300,13.880,9600,13.890,13000,13.900,300,13.910,7400,13.920,2017-06-09,15:05:03
000780,*ST平能,4.120,4.110,4.080,4.120,4.040,4.070,4.080,4592751,18704356.030,105300,4.070,66876,4.060,131249,4.050,110800,4.040,62100,4.030,2400,4.080,100100,4.090,59600,4.100,29600,4.110,34200,4.120,2017-06-09,15:05:03
000782,美达股份,9.070,9.070,9.130,9.150,9.010,9.120,9.130,2611601,23676992.070,25300,9.120,13600,9.110,28100,9.100,22400,9.090,10000,9.080,57100,9.130,34700,9.140,21300,9.150,17600,9.160,44583,9.170,2017-06-09,15:05:03
000783,长江证券,9.370,9.320,9.320,9.420,9.300,9.310,9.320,16668866,155847701.340,195500,9.310,297995,9.300,54100,9.290,105300,9.280,95700,9.270,74980,9.320,21182,9.330,44600,9.340,78700,9.350,77821,9.360,2017-06-09,15:05:03
000785,武汉中商,11.060,11.070,11.020,11.070,10.920,11.010,11.020,2013037,22129311.040,400,11.010,34100,11.000,3800,10.990,5800,10.980,19700,10.970,45300,11.020,14000,11.030,10400,11.040,23700,11.050,10300,11.060,2017-06-09,15:05:03
000786,北新建材,14.360,14.380,14.360,14.440,14.100,14.350,14.360,27954497,399346549.570,215045,14.350,45303,14.340,19485,14.330,23300,14.320,8200,14.310,203800,14.360,307749,14.370,138500,14.380,55000,14.390,175037,14.400,2017-06-09,15:05:03
000788,北大医药,11.380,11.390,11.220,11.380,11.000,11.210,11.220,6151301,68585149.480,20400,11.210,24600,11.200,17000,11.190,12100,11.180,5900,11.170,18600,11.220,1700,11.230,5900,11.240,15800,11.250,16200,11.260,2017-06-09,15:05:03
000789,万年青,7.050,7.060,7.060,7.070,6.960,7.050,7.060,9083636,63663660.160,302150,7.050,186400,7.040,261700,7.030,55300,7.020,20000,7.010,375185,7.060,164400,7.070,122700,7.080,313500,7.090,90700,7.100,2017-06-09,15:05:03
000790,泰合健康,9.080,9.080,8.950,9.090,8.920,8.950,8.960,2894090,25967173.550,72900,8.950,6700,8.940,9900,8.930,31500,8.920,9900,8.910,20500,8.960,43300,8.970,24100,8.980,84000,8.990,4600,9.000,2017-06-09,15:05:03
000791,甘肃电投,8.400,8.450,8.490,8.580,8.320,8.490,8.500,7993209,67689066.150,77700,8.490,84800,8.480,21100,8.470,21600,8.460,38100,8.450,50300,8.500,26300,8.510,17540,8.520,53000,8.530,59800,8.540,2017-06-09,15:05:03
000792,盐湖股份,14.370,14.370,14.280,14.400,14.200,14.280,14.290,6339877,90522790.790,102852,14.280,19200,14.270,10500,14.260,22225,14.250,8000,14.240,21100,14.290,25600,14.300,47500,14.310,29000,14.320,10335,14.330,2017-06-09,15:05:03
000793,华闻传媒,10.130,10.170,10.060,10.150,10.050,10.060,10.070,8612520,86814745.730,196362,10.060,179600,10.050,394600,10.040,152500,10.030,169700,10.020,221162,10.070,331300,10.080,77000,10.090,187484,10.100,61500,10.110,2017-06-09,15:05:03
000795,英洛华,5.950,5.980,6.060,6.070,5.940,6.050,6.060,8440978,50661866.680,324300,6.050,70100,6.040,26200,6.030,12900,6.020,41400,6.010,213400,6.060,280900,6.070,212200,6.080,141100,6.090,262300,6.100,2017-06-09,15:05:03
000796,凯撒旅游,11.690,11.730,11.780,11.840,11.680,11.780,11.790,1368591,16105450.600,9631,11.780,10300,11.770,15300,11.760,3000,11.750,7000,11.740,11008,11.790,27700,11.800,14700,11.810,14600,11.820,7300,11.830,2017-06-09,15:05:03
000797,中国武夷,17.750,17.810,17.940,18.160,17.710,17.930,17.940,2703520,48584396.510,1000,17.930,6800,17.900,3632,17.890,7980,17.880,1100,17.870,10000,17.940,3200,17.950,13000,17.960,5000,17.970,4247,17.980,2017-06-09,15:05:03
000798,中水渔业,8.730,8.730,8.730,8.770,8.550,8.730,8.740,2061631,17815326.440,20500,8.730,2000,8.720,400,8.700,600,8.680,200,8.670,9000,8.740,47106,8.750,39100,8.760,2600,8.770,5100,8.780,2017-06-09,15:05:03
000799,酒鬼酒,17.810,17.800,18.600,19.500,17.780,18.600,18.610,9942678,185523655.750,42200,18.600,94000,18.590,67200,18.580,2800,18.570,5200,18.560,14800,18.610,17700,18.620,7200,18.630,9500,18.640,10500,18.650,2017-06-09,15:05:03
000800,一汽轿车,9.810,9.810,9.770,9.840,9.680,9.760,9.770,10797415,105355174.840,18200,9.760,35900,9.750,2000,9.740,32100,9.730,19400,9.720,4159,9.770,3500,9.780,41400,9.790,92760,9.800,24200,9.810,2017-06-09,15:05:03
000801,四川九洲,7.740,7.750,7.790,7.840,7.670,7.780,7.790,4646749,36028583.630,32776,7.780,60100,7.770,29100,7.760,5800,7.750,11000,7.740,97782,7.790,67688,7.800,41473,7.810,61300,7.820,32800,7.830,2017-06-09,15:05:03
000802,北京文化,14.450,14.450,14.400,14.470,14.220,14.390,14.400,1633890,23432802.480,5400,14.390,2500,14.380,13400,14.370,1400,14.360,10300,14.350,36300,14.400,800,14.410,3300,14.430,8000,14.440,13300,14.450,2017-06-09,15:05:03
000803,*ST金宇,23.280,23.230,22.790,23.300,22.600,22.790,22.830,556300,12697399.000,4200,22.790,900,22.780,3700,22.770,100,22.760,2800,22.750,2100,22.830,1200,22.890,1000,22.900,1400,22.950,5000,22.960,2017-06-09,15:05:03
000806,银河生物,12.630,12.640,12.670,12.750,12.550,12.660,12.670,64150404,814855869.800,458300,12.660,450943,12.650,461900,12.640,343700,12.630,269200,12.620,173500,12.670,115100,12.680,145310,12.690,139595,12.700,96691,12.710,2017-06-09,15:05:03
000807,云铝股份,6.560,6.540,6.510,6.590,6.420,6.500,6.510,15057236,98059974.800,221200,6.500,61300,6.490,27300,6.480,66700,6.470,157400,6.460,27208,6.510,55990,6.520,121700,6.530,100900,6.540,130100,6.550,2017-06-09,15:05:03
000809,*ST新城,3.970,3.980,3.970,3.990,3.920,3.960,3.970,4744500,18724875.000,10000,3.960,49900,3.950,57800,3.940,60500,3.930,142300,3.920,28100,3.970,95700,3.980,121502,3.990,86500,4.000,64100,4.010,2017-06-09,15:05:03
000810,创维数字,11.270,11.160,11.180,11.270,11.020,11.170,11.180,1625298,18076044.250,4700,11.170,2200,11.160,1900,11.150,800,11.140,4000,11.130,5300,11.180,16700,11.190,40516,11.200,39931,11.210,30000,11.220,2017-06-09,15:05:03
000811,烟台冰轮,16.160,16.240,16.200,16.280,15.890,16.200,16.210,6432728,103416659.830,39300,16.200,44100,16.190,13600,16.180,20200,16.170,5000,16.160,26800,16.210,27400,16.220,25940,16.230,23700,16.240,58248,16.250,2017-06-09,15:05:03
000812,陕西金叶,8.470,8.440,8.330,8.470,8.190,8.320,8.330,4797732,39898484.240,34900,8.320,21100,8.310,47000,8.300,21600,8.290,11000,8.280,54000,8.330,8800,8.340,55300,8.350,25800,8.360,34100,8.370,2017-06-09,15:05:03
000813,德展健康,7.910,7.860,7.860,7.940,7.840,7.860,7.870,1484200,11684578.000,14350,7.860,60800,7.850,30800,7.840,29300,7.830,27600,7.820,6000,7.870,21900,7.880,7400,7.890,21797,7.900,47600,7.910,2017-06-09,15:05:03
000815,美利云,14.300,14.210,13.880,14.300,13.770,13.880,13.890,3037706,42227155.620,42300,13.880,31000,13.870,20300,13.860,54500,13.850,20500,13.840,17900,13.890,35000,13.900,1200,13.910,1100,13.930,4500,13.950,2017-06-09,15:05:03
000816,智慧农业,7.370,7.400,7.500,7.540,7.370,7.490,7.500,13193909,98594111.970,116300,7.490,12300,7.480,49300,7.470,97700,7.460,55800,7.450,424400,7.500,136100,7.510,214630,7.520,149610,7.530,67700,7.540,2017-06-09,15:05:03
000818,方大化工,10.950,10.930,11.040,11.040,10.880,11.030,11.040,3005483,32945248.640,800,11.030,6700,11.020,300,11.010,103800,11.000,900,10.980,113400,11.040,47100,11.050,17000,11.060,14400,11.070,23700,11.080,2017-06-09,15:05:03
000819,岳阳兴长,15.840,15.940,15.880,16.020,15.600,15.880,15.890,2007676,31759334.490,9545,15.880,2230,15.850,2100,15.830,5200,15.800,8165,15.780,24500,15.890,22665,15.900,2000,15.920,6871,15.930,15281,15.940,2017-06-09,15:05:03
000820,神雾节能,37.720,37.900,38.200,38.430,37.050,38.180,38.200,4764242,180261096.990,30700,38.180,132600,38.170,24100,38.140,300,38.100,1200,38.090,718,38.200,1000,38.220,200,38.250,1500,38.260,600,38.270,2017-06-09,15:05:03
000821,京山轻机,0.000,16.240,0.000,0.000,0.000,0.000,0.000,0,0.000,0,0.000,0,0.000,0,0.000,0,0.000,0,0.000,0,0.000,0,0.000,0,0.000,0,0.000,0,0.000,2017-06-09,15:05:03
000822,山东海化,7.050,7.050,7.010,7.050,6.930,7.000,7.010,10671103,74467229.940,65700,7.000,84900,6.990,20500,6.980,62100,6.970,31200,6.960,50000,7.010,103400,7.020,174440,7.030,91600,7.040,177201,7.050,2017-06-09,15:05:03
000823,超声电子,13.480,13.430,13.520,13.620,13.390,13.510,13.520,6406396,86398152.410,32900,13.510,36400,13.500,10300,13.490,18100,13.480,10442,13.470,27962,13.520,13600,13.530,35000,13.540,67800,13.550,20100,13.560,2017-06-09,15:05:03
000825,太钢不锈,4.110,4.090,4.100,4.110,4.070,4.090,4.100,20946789,85528540.120,747120,4.090,1375510,4.080,494800,4.070,695600,4.060,486300,4.050,484880,4.100,1053300,4.110,843400,4.120,787500,4.130,1112736,4.140,2017-06-09,15:05:03
000826,启迪桑德,34.500,33.690,34.380,35.580,34.370,34.360,34.380,13245763,460158606.450,5700,34.360,27600,34.350,8000,34.340,6200,34.330,6000,34.320,48200,34.380,24800,34.390,7800,34.400,400,34.410,2200,34.420,2017-06-09,15:05:03
000828,东莞控股,12.330,12.330,12.380,12.480,12.250,12.380,12.390,7725329,95525193.520,14500,12.380,23200,12.370,17100,12.360,12300,12.350,19300,12.340,23700,12.390,23800,12.400,37400,12.410,12700,12.420,36700,12.430,2017-06-09,15:05:03
000829,天音控股,10.560,10.610,10.500,10.600,10.360,10.500,10.510,9476275,99371924.030,1700,10.500,7000,10.490,28400,10.470,17400,10.460,20200,10.450,140678,10.510,10800,10.520,22552,10.530,13400,10.540,13700,10.550,2017-06-09,15:05:03
000830,鲁西化工,6.210,6.220,6.230,6.260,6.160,6.230,6.240,18735824,116324720.950,40400,6.230,179500,6.220,101200,6.210,131500,6.200,62900,6.190,175407,6.240,343887,6.250,385700,6.260,315323,6.270,298600,6.280,2017-06-09,15:05:03
000831,五矿稀土,10.320,10.330,10.390,10.410,10.230,10.380,10.390,6081610,62750138.380,41700,10.380,88500,10.370,3200,10.360,21300,10.350,7800,10.340,22401,10.390,171500,10.400,110300,10.410,51200,10.420,92800,10.430,2017-06-09,15:05:03
000833,贵糖股份,7.160,7.160,7.170,7.180,7.060,7.160,7.170,3194447,22723154.220,63000,7.160,40700,7.150,70400,7.140,18800,7.130,8400,7.120,104600,7.170,56600,7.180,107600,7.190,45900,7.200,25700,7.210,2017-06-09,15:05:03
000835,长城动漫,10.040,10.150,10.000,10.080,9.950,10.000,10.010,6696871,66967918.870,20750,10.000,155600,9.990,86500,9.980,23600,9.970,41600,9.960,26600,10.010,11400,10.020,11500,10.030,31500,10.040,64800,10.050,2017-06-09,15:05:03
000836,鑫茂科技,0.000,6.050,0.000,0.000,0.000,0.000,0.000,0,0.000,0,0.000,0,0.000,0,0.000,0,0.000,0,0.000,0,0.000,0,0.000,0,0.000,0,0.000,0,0.000,2017-06-09,15:05:03
000837,秦川机床,7.140,7.140,7.140,7.150,7.070,7.130,7.140,5383263,38261845.300,34300,7.130,24200,7.120,55100,7.110,57600,7.100,11400,7.090,4700,7.140,122900,7.150,71900,7.160,38700,7.170,45400,7.180,2017-06-09,15:05:03
000838,财信发展,0.000,6.590,0.000,0.000,0.000,0.000,0.000,0,0.000,0,0.000,0,0.000,0,0.000,0,0.000,0,0.000,0,0.000,0,0.000,0,0.000,0,0.000,0,0.000,2017-06-09,15:05:03
000839,中信国安,9.080,9.110,9.080,9.130,9.010,9.070,9.080,46411469,420929892.090,96000,9.070,348059,9.060,426809,9.050,216904,9.040,236400,9.030,189779,9.080,240290,9.090,459500,9.100,251950,9.110,179100,9.120,2017-06-09,15:05:03
000848,承德露露,10.390,10.380,10.350,10.470,10.240,10.350,10.360,11901277,123016912.130,91300,10.350,120808,10.340,50600,10.330,28900,10.320,66182,10.310,184475,10.360,58500,10.370,86610,10.380,68500,10.390,404800,10.400,2017-06-09,15:05:03
000850,华茂股份,5.280,5.310,5.270,5.290,5.230,5.260,5.270,3526230,18533748.510,20500,5.260,33145,5.250,90507,5.240,108585,5.230,102200,5.220,93900,5.270,55100,5.280,66300,5.290,62100,5.300,103108,5.310,2017-06-09,15:05:03
000851,高鸿股份,9.010,8.990,8.860,9.030,8.780,8.850,8.860,7601102,67397437.630,68100,8.850,57900,8.840,88400,8.830,87700,8.820,246609,8.810,100,8.860,31400,8.870,17446,8.880,38600,8.890,131062,8.900,2017-06-09,15:05:03
000852,石化机械,15.770,16.100,15.390,15.770,15.030,15.390,15.400,56219563,864117282.610,12061,15.390,121700,15.380,64300,15.370,22400,15.360,60400,15.350,80400,15.400,71600,15.410,36400,15.420,13700,15.430,33800,15.440,2017-06-09,15:05:03
000856,冀东装备,33.060,33.720,34.360,35.160,32.230,34.360,34.370,47643053,1613834358.620,132500,34.360,74550,34.350,18781,34.340,21700,34.330,9800,34.320,16100,34.370,51300,34.380,22100,34.390,94200,34.400,12200,34.410,2017-06-09,15:05:03
000858,五 粮 液,51.400,51.400,52.170,52.870,51.400,52.160,52.170,22421062,1168904568.100,81300,52.160,1000,52.150,6400,52.140,7500,52.120,2500,52.110,266,52.170,7000,52.180,13200,52.190,24636,52.200,5200,52.210,2017-06-09,15:05:03
000859,国风塑业,4.820,4.840,4.820,4.840,4.750,4.810,4.820,6625283,31755506.900,72076,4.810,31200,4.800,19200,4.790,23200,4.780,41400,4.770,35900,4.820,180300,4.830,124600,4.840,110200,4.850,54200,4.860,2017-06-09,15:05:03
000860,顺鑫农业,19.200,19.250,19.430,19.540,19.160,19.420,19.430,4638528,89948458.760,32900,19.420,3300,19.410,62812,19.400,15900,19.390,800,19.380,23700,19.430,2400,19.440,44115,19.450,9400,19.460,18900,19.470,2017-06-09,15:05:03
000861,海印股份,3.710,3.750,3.730,3.750,3.700,3.720,3.730,9421594,35071573.480,80900,3.720,109500,3.710,211000,3.700,111800,3.690,233500,3.680,47640,3.730,279807,3.740,223822,3.750,192530,3.760,82900,3.770,2017-06-09,15:05:03
000862,银星能源,0.000,7.900,0.000,0.000,0.000,0.000,0.000,0,0.000,0,0.000,0,0.000,0,0.000,0,0.000,0,0.000,0,0.000,0,0.000,0,0.000,0,0.000,0,0.000,2017-06-09,15:05:03
000863,三湘印象,7.450,7.440,7.610,7.870,7.400,7.610,7.620,8919492,68196006.030,10995,7.610,74400,7.600,63200,7.590,40400,7.580,21000,7.570,29900,7.620,61300,7.630,47200,7.640,21400,7.650,58800,7.660,2017-06-09,15:05:03
000868,安凯客车,5.230,5.240,5.270,5.280,5.180,5.260,5.270,3435809,17947510.370,11200,5.260,13700,5.250,50100,5.240,21100,5.230,14100,5.220,82400,5.270,582291,5.280,29600,5.290,40300,5.300,19300,5.310,2017-06-09,15:05:03
000869,张 裕Ａ,35.200,35.190,36.190,36.190,35.100,36.180,36.190,3817896,137150184.180,43400,36.180,28100,36.170,4600,36.160,2269,36.150,1100,36.140,9813,36.190,15767,36.200,1000,36.210,12200,36.220,1400,36.230,2017-06-09,15:05:03
000875,吉电股份,5.250,5.250,5.230,5.270,5.190,5.230,5.240,9254190,48399296.860,272267,5.230,67050,5.220,122900,5.210,157800,5.200,137100,5.190,222700,5.240,230300,5.250,198525,5.260,168300,5.270,134300,5.280,2017-06-09,15:05:03
000876,新 希 望,7.960,7.970,7.960,8.000,7.940,7.960,7.970,14587252,116217786.290,22231,7.960,304428,7.950,476729,7.940,621700,7.930,245400,7.920,449714,7.970,478872,7.980,529800,7.990,980520,8.000,338700,8.010,2017-06-09,15:05:03
000877,天山股份,11.080,11.150,11.090,11.250,10.850,11.090,11.100,35556306,392320384.810,59200,11.090,108800,11.080,221700,11.070,110700,11.060,107600,11.050,184700,11.100,59600,11.110,117100,11.120,49500,11.130,38200,11.140,2017-06-09,15:05:03
000878,云南铜业,11.900,11.730,11.830,11.950,11.680,11.820,11.830,24078763,284374338.620,138800,11.820,36174,11.810,130400,11.800,17500,11.790,21700,11.780,32418,11.830,276300,11.840,216874,11.850,71500,11.860,76200,11.870,2017-06-09,15:05:03
000880,潍柴重机,12.560,12.600,12.610,12.860,12.420,12.610,12.620,10664659,135060381.370,9165,12.610,31400,12.600,5600,12.590,18300,12.580,200,12.570,4000,12.620,13900,12.630,18500,12.640,31100,12.650,468575,12.660,2017-06-09,15:05:03
000881,中广核技,19.720,19.540,20.300,20.400,19.580,20.300,20.310,7137895,142377096.850,241827,20.300,41500,20.290,108300,20.280,18000,20.270,51900,20.260,5800,20.310,7500,20.320,5100,20.330,8000,20.340,21100,20.350,2017-06-09,15:05:03
000882,华联股份,3.760,3.760,3.780,3.810,3.750,3.770,3.780,12341358,46563899.340,318746,3.770,517700,3.760,339400,3.750,215300,3.740,235100,3.730,223828,3.780,710600,3.790,585800,3.800,391044,3.810,501107,3.820,2017-06-09,15:05:03
000883,湖北能源,4.820,4.830,4.820,4.830,4.790,4.810,4.820,11371005,54671852.320,288900,4.810,341780,4.800,290000,4.790,707700,4.780,412300,4.770,514600,4.820,582600,4.830,273600,4.840,305859,4.850,261217,4.860,2017-06-09,15:05:03
000885,同力水泥,0.000,19.290,0.000,0.000,0.000,0.000,0.000,0,0.000,0,0.000,0,0.000,0,0.000,0,0.000,0,0.000,0,0.000,0,0.000,0,0.000,0,0.000,0,0.000,2017-06-09,15:05:03
000886,海南高速,4.650,4.580,4.640,4.670,4.560,4.640,4.650,10387196,48097448.270,45113,4.640,26400,4.630,92840,4.620,88900,4.610,143600,4.600,35300,4.650,347575,4.660,261880,4.670,167499,4.680,216300,4.690,2017-06-09,15:05:03
000887,中鼎股份,0.000,22.190,0.000,0.000,0.000,0.000,0.000,0,0.000,0,0.000,0,0.000,0,0.000,0,0.000,0,0.000,0,0.000,0,0.000,0,0.000,0,0.000,0,0.000,2017-06-09,15:05:03
000888,峨眉山Ａ,12.170,12.220,12.090,12.230,12.050,12.080,12.090,1899056,23007854.260,4800,12.080,2600,12.070,12200,12.060,36300,12.050,5900,12.040,7700,12.090,23511,12.100,2900,12.120,11700,12.130,4000,12.140,2017-06-09,15:05:03
000889,茂业通信,0.000,16.710,0.000,0.000,0.000,0.000,0.000,0,0.000,0,0.000,0,0.000,0,0.000,0,0.000,0,0.000,0,0.000,0,0.000,0,0.000,0,0.000,0,0.000,2017-06-09,15:05:03
000890,法 尔 胜,8.150,8.150,8.060,8.180,7.990,8.050,8.060,3022036,24353905.400,19600,8.050,10400,8.040,36985,8.030,24161,8.020,25407,8.010,8800,8.060,30800,8.080,10500,8.090,10255,8.100,8500,8.110,2017-06-09,15:05:03
000892,欢瑞世纪,10.290,10.240,10.330,10.330,10.050,10.320,10.330,3392616,34568411.770,13100,10.320,11400,10.310,13500,10.250,24300,10.240,19500,10.230,10331,10.330,17400,10.340,21300,10.350,8400,10.360,2400,10.370,2017-06-09,15:05:03
000893,东凌国际,9.640,9.580,9.550,9.760,9.420,9.550,9.560,9843415,94301955.590,28400,9.550,11500,9.540,7100,9.530,11700,9.520,19100,9.510,43000,9.560,4700,9.570,26100,9.580,28996,9.590,67800,9.600,2017-06-09,15:05:03
000895,双汇发展,22.790,22.890,22.790,23.200,22.610,22.790,22.800,14137469,324222022.680,91850,22.790,34600,22.780,600,22.770,3300,22.760,33800,22.750,20465,22.800,4537,22.810,10058,22.820,10200,22.830,6400,22.840,2017-06-09,15:05:03
000897,津滨发展,5.100,5.050,5.100,5.150,5.020,5.090,5.100,22282929,113288323.380,85200,5.090,231485,5.080,133394,5.070,123700,5.060,72100,5.050,583776,5.100,406499,5.110,372344,5.120,332500,5.130,503000,5.140,2017-06-09,15:05:03
000898,鞍钢股份,5.280,5.270,5.240,5.280,5.170,5.230,5.240,20808838,108581838.260,93361,5.230,296900,5.220,49200,5.210,96287,5.200,127900,5.190,178464,5.240,305700,5.250,149900,5.260,239200,5.270,366600,5.280,2017-06-09,15:05:03
000899,赣能股份,7.620,7.660,7.540,7.660,7.540,7.540,7.550,3925814,29744486.690,107864,7.540,77600,7.530,98100,7.520,207300,7.510,46300,7.500,80900,7.550,6900,7.560,600,7.570,22500,7.580,2000,7.590,2017-06-09,15:05:03
000900,现代投资,8.870,8.860,8.880,8.910,8.820,8.870,8.880,5840943,51796228.630,27400,8.870,142600,8.860,45900,8.850,11922,8.840,66700,8.830,15460,8.880,157014,8.890,194286,8.900,191275,8.910,40068,8.920,2017-06-09,15:05:03
000901,航天科技,25.500,25.600,25.540,25.690,25.280,25.530,25.540,3062511,78008918.070,12000,25.530,6900,25.520,2000,25.510,11200,25.500,2500,25.490,20100,25.540,8200,25.550,5572,25.560,12367,25.570,2200,25.580,2017-06-09,15:05:03
000902,新洋丰,9.050,9.040,9.160,9.200,9.040,9.160,9.170,9454727,86314993.660,44880,9.160,2544,9.150,41300,9.140,7600,9.130,12800,9.120,200441,9.170,135486,9.180,156100,9.190,356247,9.200,29600,9.210,2017-06-09,15:05:03
000903,云内动力,8.900,8.860,8.800,8.910,8.710,8.800,8.810,12978537,114234965.340,64110,8.800,77000,8.790,30100,8.780,24600,8.770,25000,8.760,131400,8.810,102900,8.820,109100,8.830,90034,8.840,256936,8.850,2017-06-09,15:05:03
000905,厦门港务,12.170,12.200,12.140,12.210,11.920,12.130,12.140,8960121,108191953.560,11900,12.130,15200,12.120,49499,12.110,200231,12.100,4000,12.090,49148,12.140,36200,12.150,29300,12.160,24200,12.170,18500,12.180,2017-06-09,15:05:03
000906,浙商中拓,8.680,8.660,8.640,8.740,8.560,8.630,8.640,4103936,35396976.520,900,8.630,59530,8.620,56690,8.610,1700,8.600,42600,8.590,41770,8.640,20200,8.650,21710,8.660,32550,8.670,10330,8.680,2017-06-09,15:05:03
000908,景峰医药,8.180,8.160,8.120,8.180,8.030,8.110,8.120,2217895,17918987.030,77139,8.110,4230,8.100,9400,8.090,7100,8.080,1000,8.070,12500,8.120,32700,8.130,19600,8.140,37100,8.150,14600,8.160,2017-06-09,15:05:03
000909,数源科技,12.220,12.230,12.350,12.360,12.130,12.340,12.350,1651200,20234299.990,19400,12.340,9400,12.330,22984,12.320,10900,12.300,4900,12.290,206,12.350,7900,12.360,31200,12.370,40600,12.380,7500,12.390,2017-06-09,15:05:03
000910,大亚圣象,23.510,23.400,23.440,23.650,23.120,23.430,23.440,2432579,57035542.550,2300,23.430,1400,23.420,2000,23.410,2400,23.360,200,23.350,6700,23.440,2500,23.490,8500,23.500,100,23.510,2300,23.520,2017-06-09,15:05:03
000911,南宁糖业,11.240,11.300,11.200,11.310,10.940,11.170,11.200,9847968,109053550.780,4800,11.170,7500,11.150,31500,11.140,6900,11.130,13300,11.120,87677,11.200,76100,11.210,51300,11.220,32800,11.230,41600,11.240,2017-06-09,15:05:03
000912,泸天化,7.330,7.540,7.200,7.380,7.120,7.200,7.210,29757978,215530768.570,289576,7.200,170730,7.190,134400,7.180,103400,7.170,101000,7.160,86300,7.210,56400,7.220,72500,7.230,15700,7.240,27300,7.250,2017-06-09,15:05:03
000913,钱江摩托,16.020,16.010,15.790,16.160,15.780,15.790,15.800,1020003,16187467.500,27800,15.790,900,15.780,1700,15.770,2600,15.760,4000,15.750,4300,15.800,200,15.810,1500,15.820,300,15.830,6000,15.850,2017-06-09,15:05:03
000915,山大华特,49.900,50.170,49.280,50.200,48.900,49.280,49.290,3463823,171628107.410,3800,49.280,1300,49.270,400,49.260,200,49.250,200,49.220,1000,49.290,17852,49.300,1900,49.380,1900,49.390,11000,49.400,2017-06-09,15:05:03
000916,华北高速,0.000,4.850,0.000,0.000,0.000,0.000,0.000,0,0.000,0,0.000,0,0.000,0,0.000,0,0.000,0,0.000,0,0.000,0,0.000,0,0.000,0,0.000,0,0.000,2017-06-09,15:05:03
000917,电广传媒,11.220,11.210,11.220,11.250,11.120,11.210,11.220,10646054,119015496.420,337000,11.210,17800,11.200,10762,11.190,133200,11.180,79718,11.170,4596,11.220,231500,11.230,93000,11.240,129900,11.250,47200,11.260,2017-06-09,15:05:03
000918,嘉凯城,7.880,8.000,7.730,7.950,7.640,7.720,7.730,25959902,201236772.760,141400,7.720,79200,7.710,57300,7.700,121359,7.690,88400,7.680,55600,7.730,75400,7.740,75600,7.750,42051,7.760,19700,7.770,2017-06-09,15:05:03
000919,金陵药业,10.570,10.620,10.680,10.700,10.460,10.670,10.680,3072121,32468215.330,3600,10.670,4000,10.650,5700,10.640,23700,10.630,6400,10.620,14782,10.680,25000,10.690,53216,10.700,20800,10.710,29700,10.720,2017-06-09,15:05:03
000920,南方汇通,13.530,13.540,13.190,13.540,13.040,13.190,13.200,7009887,92834391.400,24200,13.190,48000,13.180,7900,13.170,95524,13.160,20800,13.150,10800,13.200,32500,13.210,22500,13.220,1000,13.230,8200,13.240,2017-06-09,15:05:03
000921,海信科龙,15.720,15.700,15.450,16.000,15.290,15.450,15.460,15741699,244541217.000,12400,15.450,123200,15.430,19100,15.420,11800,15.410,21371,15.400,7900,15.460,8798,15.470,5300,15.480,14700,15.490,45701,15.500,2017-06-09,15:05:03
000922,*ST佳电,6.940,6.980,7.010,7.030,6.880,7.000,7.010,4949400,34398605.000,37200,7.000,11900,6.990,25100,6.980,17500,6.970,5700,6.960,74700,7.010,146100,7.020,53300,7.030,49600,7.040,17200,7.050,2017-06-09,15:05:03
000923,河北宣工,30.150,30.430,31.760,31.800,30.110,31.760,31.770,18384336,571954990.690,63930,31.760,19700,31.750,2600,31.740,1600,31.730,4300,31.710,14600,31.770,13900,31.780,15200,31.790,68000,31.800,16400,31.810,2017-06-09,15:05:03
000925,众合科技,20.500,20.700,21.500,21.720,20.500,21.500,21.520,6329633,134255801.900,31900,21.500,200,21.460,1000,21.450,800,21.430,13000,21.420,2700,21.520,1114,21.530,18200,21.550,5200,21.560,20100,21.570,2017-06-09,15:05:03
000926,福星股份,12.210,12.240,12.180,12.240,12.090,12.180,12.190,5767198,70125773.710,24700,12.180,31900,12.170,23500,12.160,42038,12.150,37000,12.140,111000,12.190,26294,12.200,43700,12.210,29100,12.220,75222,12.230,2017-06-09,15:05:03
000927,一汽夏利,4.900,4.900,4.930,4.980,4.850,4.930,4.940,9110800,44749296.000,29800,4.930,119900,4.920,86200,4.910,124400,4.900,13300,4.890,128000,4.940,196000,4.950,144000,4.960,100100,4.970,244300,4.980,2017-06-09,15:05:03
000928,中钢国际,8.900,8.920,9.070,9.100,8.770,9.060,9.070,19590476,175816114.240,39246,9.060,91580,9.050,32200,9.040,6100,9.030,77300,9.020,394340,9.070,218620,9.080,169340,9.090,308940,9.100,181775,9.110,2017-06-09,15:05:03
000929,兰州黄河,13.900,13.900,14.110,14.140,13.600,14.110,14.120,2719940,37869553.340,6188,14.110,29100,14.100,52800,14.090,4300,14.080,12700,14.060,7200,14.120,14418,14.130,13800,14.140,14000,14.150,400,14.160,2017-06-09,15:05:03
000930,中粮生化,10.450,10.500,10.530,10.600,10.400,10.520,10.530,15632067,164558621.900,31184,10.520,136800,10.510,404900,10.500,34200,10.490,51000,10.480,63564,10.530,249000,10.540,157151,10.550,75418,10.560,48200,10.570,2017-06-09,15:05:03
000931,中 关 村,8.090,8.130,8.170,8.320,8.010,8.170,8.180,8974654,73184324.700,43309,8.170,36770,8.160,52200,8.150,29000,8.140,52100,8.130,96900,8.180,55500,8.190,172762,8.200,18200,8.210,55080,8.220,2017-06-09,15:05:03
000932,*ST华菱,3.940,3.950,3.930,3.950,3.890,3.920,3.930,8235811,32239711.760,91300,3.920,256968,3.910,391500,3.900,273600,3.890,160800,3.880,177500,3.930,108600,3.940,263900,3.950,169600,3.960,148900,3.970,2017-06-09,15:05:03
000933,神火股份,6.470,6.460,6.450,6.500,6.360,6.450,6.460,8093165,51938085.550,9400,6.450,140900,6.440,99280,6.430,111400,6.420,159600,6.410,113900,6.460,70110,6.470,69500,6.480,98100,6.490,465500,6.500,2017-06-09,15:05:03
000935,四川双马,0.000,23.060,0.000,0.000,0.000,0.000,0.000,0,0.000,0,0.000,0,0.000,0,0.000,0,0.000,0,0.000,0,0.000,0,0.000,0,0.000,0,0.000,0,0.000,2017-06-09,15:05:03
000936,华西股份,7.140,7.080,7.070,7.140,7.040,7.070,7.080,3909296,27692637.510,58259,7.070,50900,7.060,88800,7.050,35500,7.040,111500,7.030,25000,7.080,29200,7.090,45400,7.100,69500,7.110,129400,7.120,2017-06-09,15:05:03
000937,冀中能源,5.960,5.940,5.970,6.010,5.920,5.970,5.980,35818334,213589647.670,28043,5.970,447609,5.960,162600,5.950,104800,5.940,221100,5.930,520192,5.980,511056,5.990,953980,6.000,613700,6.010,602700,6.020,2017-06-09,15:05:03
000938,紫光股份,53.450,53.360,53.380,53.530,52.860,53.380,53.390,1506217,80122992.360,17875,53.380,2475,53.370,167300,53.360,1900,53.350,200,53.340,10225,53.390,5600,53.400,2400,53.410,7200,53.420,128400,53.430,2017-06-09,15:05:03
000939,凯迪生态,10.460,10.450,10.500,10.570,10.290,10.490,10.500,4369143,45454199.900,12000,10.490,12400,10.480,3600,10.460,39100,10.450,11600,10.440,186800,10.500,253400,10.510,57100,10.520,65100,10.530,41900,10.540,2017-06-09,15:05:03
000948,南天信息,12.050,12.090,12.050,12.120,11.890,12.040,12.050,2627011,31458582.490,4900,12.040,7900,12.030,40900,12.020,1000,12.010,15200,12.000,18600,12.050,6300,12.060,13100,12.070,10200,12.080,9100,12.090,2017-06-09,15:05:03
000949,新乡化纤,4.550,4.550,4.560,4.570,4.530,4.550,4.560,4724805,21499870.790,283685,4.550,190894,4.540,51800,4.530,42500,4.520,45700,4.510,39700,4.560,172100,4.570,123100,4.580,106400,4.590,163500,4.600,2017-06-09,15:05:03
000950,*ST建峰,0.000,10.720,0.000,0.000,0.000,0.000,0.000,0,0.000,0,0.000,0,0.000,0,0.000,0,0.000,0,0.000,0,0.000,0,0.000,0,0.000,0,0.000,0,0.000,2017-05-10,16:35:03
000951,中国重汽,12.580,12.470,12.550,12.790,12.500,12.550,12.560,8378003,106000151.560,85600,12.550,59600,12.540,48500,12.530,12800,12.520,7800,12.510,800,12.560,2100,12.570,3300,12.580,3900,12.590,38100,12.600,2017-06-09,15:05:03
000952,广济药业,13.680,13.680,13.670,13.690,13.440,13.660,13.670,3277111,44483837.280,24800,13.660,9300,13.650,5100,13.640,4400,13.620,3000,13.610,22000,13.670,120000,13.680,52500,13.690,47400,13.700,6000,13.720,2017-06-09,15:05:03
000953,*ST河化,0.000,12.010,0.000,0.000,0.000,0.000,0.000,0,0.000,0,0.000,0,0.000,0,0.000,0,0.000,0,0.000,0,0.000,0,0.000,0,0.000,0,0.000,0,0.000,2017-06-09,15:05:03
000955,欣龙控股,5.800,5.810,5.800,5.820,5.730,5.790,5.800,3390377,19596550.160,19700,5.790,46400,5.780,23925,5.770,38400,5.760,129877,5.750,127200,5.800,16000,5.810,77000,5.820,35700,5.830,63195,5.840,2017-06-09,15:05:03
000957,中通客车,10.700,10.730,10.810,10.850,10.570,10.810,10.820,5441690,58234636.720,24209,10.810,28801,10.800,30300,10.790,3100,10.780,11000,10.770,44651,10.820,42024,10.830,50500,10.840,88700,10.850,16300,10.860,2017-06-09,15:05:03
000958,东方能源,9.100,9.290,9.260,9.380,8.900,9.260,9.270,103236070,943132948.560,447100,9.260,422291,9.250,227100,9.240,105200,9.230,60600,9.220,634200,9.270,230500,9.280,253100,9.290,734900,9.300,202700,9.310,2017-06-09,15:05:03
000959,首钢股份,6.820,6.820,6.850,6.870,6.710,6.850,6.860,15352759,104542520.520,1300,6.850,1000,6.840,39000,6.830,94570,6.820,125500,6.810,139730,6.860,231700,6.870,395300,6.880,250100,6.890,321800,6.900,2017-06-09,15:05:03
000960,锡业股份,11.580,11.550,11.490,11.640,11.360,11.480,11.490,11303771,129701648.500,35590,11.480,27500,11.470,32600,11.460,18600,11.450,6100,11.440,57200,11.490,38200,11.500,22800,11.510,39004,11.520,47400,11.530,2017-06-09,15:05:03
000961,中南建设,6.800,6.720,6.680,6.810,6.660,6.680,6.690,19746332,132397995.540,176396,6.680,194500,6.670,300350,6.660,270400,6.650,79300,6.640,149800,6.690,203500,6.700,211400,6.710,217980,6.720,271300,6.730,2017-06-09,15:05:03
000962,东方钽业,8.690,8.690,8.690,8.720,8.570,8.680,8.690,1755963,15164158.680,24100,8.680,10500,8.670,900,8.660,20450,8.650,2300,8.640,18800,8.690,60300,8.700,1800,8.710,34800,8.720,26000,8.730,2017-06-09,15:05:03
000963,华东医药,48.460,48.460,49.830,50.390,48.300,49.820,49.830,10417901,514024620.840,6500,49.820,13361,49.810,5500,49.800,800,49.780,3466,49.770,8300,49.830,4200,49.850,300,49.860,2000,49.880,35100,49.900,2017-06-09,15:05:03
000965,天保基建,9.550,9.630,9.440,9.780,9.330,9.440,9.450,62553109,596116254.050,181800,9.440,151400,9.430,193100,9.420,151200,9.410,287400,9.400,377400,9.450,597500,9.460,88700,9.470,20300,9.480,20300,9.490,2017-06-09,15:05:03
000966,长源电力,5.080,5.070,4.980,5.080,4.920,4.980,4.990,16646128,82935242.920,60064,4.980,181800,4.970,185000,4.960,129700,4.950,253700,4.940,137351,4.990,221400,5.000,104900,5.010,62900,5.020,29700,5.030,2017-06-09,15:05:03
000967,盈峰环境,15.040,15.010,15.900,16.450,14.950,15.890,15.900,7994174,123709827.790,1000,15.890,1500,15.880,500,15.870,6500,15.860,72000,15.850,213200,15.900,20000,15.940,1600,15.950,2900,15.960,101300,15.980,2017-06-09,15:05:03
000968,蓝焰控股,14.000,13.900,13.840,14.000,13.550,13.800,13.840,3035020,41623215.070,1400,13.800,3600,13.790,43500,13.780,3200,13.770,6000,13.750,8200,13.840,45700,13.850,11100,13.860,8300,13.870,28700,13.880,2017-06-09,15:05:03
000969,安泰科技,8.460,8.470,8.470,8.510,8.380,8.460,8.470,3867343,32612100.580,38180,8.460,18100,8.450,15800,8.440,13700,8.430,15200,8.420,34051,8.470,60902,8.480,49500,8.490,105000,8.500,18400,8.510,2017-06-09,15:05:03
000970,中科三环,12.800,12.840,12.950,12.970,12.750,12.950,12.960,6498826,83745394.370,19616,12.950,65600,12.940,31200,12.930,23900,12.920,39000,12.910,85500,12.960,102845,12.970,218400,12.980,134900,12.990,166900,13.000,2017-06-09,15:05:03
000971,高升控股,16.960,16.870,16.770,16.970,16.620,16.770,16.780,1530259,25614998.280,6475,16.770,10810,16.760,1600,16.750,8100,16.740,5400,16.730,10900,16.780,2200,16.790,2000,16.800,8400,16.810,8300,16.820,2017-06-09,15:05:03
000972,*ST中基,3.990,3.990,3.970,3.990,3.920,3.960,3.970,3799001,14991034.500,28300,3.960,69900,3.950,141900,3.940,67800,3.930,220000,3.920,38200,3.970,141300,3.980,104800,3.990,47700,4.000,55600,4.010,2017-06-09,15:05:03
000973,佛塑科技,7.360,7.420,7.350,7.410,7.220,7.350,7.360,25941705,189558589.970,75152,7.350,148500,7.340,27000,7.330,94900,7.320,31300,7.310,823450,7.360,203056,7.370,261735,7.380,126700,7.390,206000,7.400,2017-06-09,15:05:03
000975,银泰资源,12.540,12.650,12.450,12.600,12.320,12.440,12.450,2680591,33359723.560,5102,12.440,13400,12.430,2800,12.420,8600,12.410,12200,12.400,20450,12.450,10500,12.460,15500,12.470,1000,12.480,13800,12.490,2017-06-09,15:05:03
000976,春晖股份,8.310,8.310,8.280,8.370,8.190,8.280,8.290,2532005,20907024.570,2100,8.280,3100,8.270,25300,8.260,11000,8.250,12000,8.240,27200,8.290,8800,8.300,40900,8.310,17700,8.320,30300,8.330,2017-06-09,15:05:03
000977,浪潮信息,17.800,17.800,17.640,17.810,17.510,17.630,17.640,7061728,124374847.040,46200,17.630,30400,17.620,33500,17.610,41600,17.600,20500,17.590,14000,17.640,65738,17.650,30392,17.660,11033,17.670,4000,17.680,2017-06-09,15:05:03
000978,桂林旅游,9.060,9.080,9.090,9.160,8.950,9.090,9.100,5045560,45784411.740,39500,9.090,28400,9.080,20400,9.070,3400,9.060,8200,9.050,33800,9.100,21300,9.120,119700,9.130,47600,9.140,134600,9.150,2017-06-09,15:05:03
000979,中弘股份,2.620,2.630,2.640,2.640,2.610,2.630,2.640,18325336,48038262.890,846209,2.630,1213905,2.620,1178866,2.610,2573700,2.600,682000,2.590,2195800,2.640,2142006,2.650,1197300,2.660,661300,2.670,1335700,2.680,2017-06-09,15:05:03
000980,众泰汽车,13.080,13.010,12.700,13.150,12.560,12.690,12.700,16449231,209836455.550,70300,12.690,18300,12.680,15100,12.670,22900,12.660,17100,12.650,81892,12.700,7700,12.710,24500,12.720,11200,12.730,4500,12.740,2017-06-09,15:05:03
000981,银亿股份,0.000,10.120,0.000,0.000,0.000,0.000,0.000,0,0.000,0,0.000,0,0.000,0,0.000,0,0.000,0,0.000,0,0.000,0,0.000,0,0.000,0,0.000,0,0.000,2017-06-09,15:05:03
000982,*ST 中绒,0.000,9.150,0.000,0.000,0.000,0.000,0.000,0,0.000,0,0.000,0,0.000,0,0.000,0,0.000,0,0.000,0,0.000,0,0.000,0,0.000,0,0.000,0,0.000,2017-06-09,15:05:03
000983,西山煤电,7.560,7.560,7.660,7.750,7.560,7.650,7.660,25230205,193141860.340,140645,7.650,128600,7.640,80501,7.630,69100,7.620,131498,7.610,87200,7.660,197231,7.670,274118,7.680,289400,7.690,484654,7.700,2017-06-09,15:05:03
000985,大庆华科,23.530,23.530,23.850,23.990,23.200,23.840,23.850,1099519,26030394.920,2500,23.840,22100,23.800,1700,23.770,1000,23.760,300,23.750,12500,23.850,1300,23.860,4100,23.870,3100,23.880,5000,23.890,2017-06-09,15:05:03
000987,越秀金控,11.560,11.660,11.800,11.810,11.450,11.790,11.800,6224030,72639146.100,26900,11.790,13236,11.780,6600,11.770,17700,11.760,55200,11.750,72495,11.800,32100,11.810,30900,11.820,62800,11.830,10100,11.840,2017-06-09,15:05:03
000988,华工科技,13.710,13.750,14.020,14.040,13.690,14.010,14.020,9898471,137390485.350,25900,14.010,18600,14.000,48100,13.990,33600,13.980,11700,13.970,61700,14.020,245000,14.030,51960,14.040,138500,14.050,92500,14.060,2017-06-09,15:05:03
000989,九 芝 堂,18.650,18.540,18.920,19.560,18.620,18.910,18.920,4501815,86015218.320,4800,18.910,14300,18.900,1700,18.890,10449,18.880,3000,18.870,11940,18.920,9400,18.930,2960,18.940,2800,18.960,2550,18.980,2017-06-09,15:05:03
000990,诚志股份,15.090,15.100,15.190,15.260,15.070,15.180,15.190,885566,13451338.980,7400,15.180,1000,15.160,800,15.150,5400,15.140,7200,15.130,13200,15.190,20000,15.200,400,15.210,500,15.220,7900,15.230,2017-06-09,15:05:03
